3082 5024
550 118 728 168 GENERAL
746 118 876 169 INDEX.
1252 129 1311 187 761

10 273 50 355 ‘j
144 274 223 340 11010
237 291 368 357 decipiunt
385 299 456 343 aaa
473 294 515 344 as.
738 292 816 342 rue
834 293 928 342 uuor.
946 293 1127 359 regulamus
1145 294 1220 345 crus
1238 298 1279 348 22.

140 370 169 386 “
181 371 255 410 omnes
270 366 395 412 tenenmr
404 361 453 412 uiti
463 361 597 413 destruere
614 362 688 413 hore·
710 350 713 457 1
739 389 771 399 ·-
790 361 918 411 catholica
935 377 999 411 vera
1010 363 1154 413 secundum
1170 367 1315 430 quamlibet

166 437 198 476 ses
212 430 264 480 432.
772 431 812 479 sui
829 437 930 496 partem
950 433 989 480 14.

10 542 18 549 .
135 508 163 525 “
176 498 239 564 regni
254 498 281 548 in
292 499 363 564 turpi
374 498 484 565 perfidia
500 506 591 550 contra
608 499 687 549 deum
739 527 771 535 —
790 500 888 565 optima
904 499 1035 550 medicina
1052 508 1141 550 contra
1162 502 1255 553 iratres
1272 505 1313 555 65.

41 564 54 573 “
161 565 312 617 recalcitrant
328 569 387 618 410.
711 618 714 643 ,
740 595 771 604 -
790 569 846 634 spei
864 576 890 618 et
907 569 1082 634 supposicioni
1099 571 1238 620 coniuncta
1256 574 1313 623 365.

10 658 18 693 ÷
133 631 194 684 *in
209 635 312 686 domino
330 635 499 702 prohibentur
509 652 557 702 per
573 637 687 687 incarce-
711 648 714 689 1
740 666 771 672 -
791 638 900 687 ecclesie
919 653 972 686 uua
990 653 1047 687 esse
1066 638 1144 688 debet
1162 641 1219 689 399.

50 710 65 721 “
155 704 270 761 udones,
287 705 450 770 privacieues
467 712 494 755 et
510 721 633 755 censuras
651 706 687 755 di·
712 744 714 759 .
740 733 771 742 -
791 706 989 756 fundamentum
1007 707 1132 757 virtutum
1153 711 1211 759 463.

10 812 54 835 ‚X
153 783 206 822 cere
222 773 309 838 palam
326 774 423 840 populo
435 774 521 841 legem
534 774 610 824 Cristi
627 776 687 824 424.
712 784 714 795 ·
740 802 770 810 -
791 782 830 824 est
848 775 996 825 intellectus
1014 776 1090 825 datus
1108 791 1124 825 a
1140 779 1233 842 spiritu
1256 780 1313 829 213.

126 854 148 869 “
163 841 272 892 crcdum
293 842 404 893 hostiam
427 859 484 893 esse
501 860 594 909 corpus
612 843 688 894 Cristi
740 871 771 878 -
791 844 877 909 opinio
895 844 960 893 citra
977 844 1055 894 fidem
1073 852 1112 895 est
1131 846 1187 897 178.

44 939 56 949 =
145 905 204 962 383.
740 939 772 948 -
790 928 843 960 non
861 921 901 962 est
918 912 951 961 de
968 913 1084 978 patronis
1104 915 1160 964 177.

10 1000 16 1009 ·
38 964 49 985 ⁴
117 991 142 1007 “
160 992 197 1028 ex
222 986 297 1045 parta
324 980 421 1029 domini
447 981 508 1030 Iesu
535 980 609 1030 Oristi
635 997 687 1030 non
712 962 714 1009 1
740 1008 771 1016 -
791 980 918 1030 catholica
936 981 1038 1047 integra
1060 983 1182 1048 gentibus
1199 984 1315 1049 predica-

137 1055 213 1110 sunt,
232 1049 278 1115 qui
289 1065 343 1099 non
354 1049 447 1099 iuvant
458 1048 493 1099 ad
505 1049 616 1099 heresim
628 1066 688 1099 con·
773 1056 815 1098 tur
834 1051 890 1099 182.

136 1110 282 1166 futandam
299 1119 359 1168 400.
741 1146 770 1154 -
792 1124 818 1167 01
835 1120 944 1168 virtutes
962 1119 1049 1168 anime
1066 1127 1127 1169 sunt
1147 1121 1316 1186 preciosiores

94 1193 131 1210 “
155 1185 250 1235 clerici
267 1186 376 1237 heretici
393 1187 459 1237 false
475 1194 602 1236 vocantur
628 1187 687 1236 461.
774 1202 853 1253 quam
871 1202 963 1236 aurum
983 1188 1039 1237 170.

89 1261 126 1279 “
157 1253 268 1321 fugiunt
292 1255 484 1305 communicare
511 1272 570 1305 cum
594 1254 688 1305 ordini·
742 1283 770 1291 -
791 1272 844 1305 una
861 1256 960 1306 credita
977 1271 993 1305 a
1010 1263 1065 1306 toto
1081 1273 1187 1323 corpore
1206 1258 1314 1309 ecclesie

128 1313 196 1371 bus
217 1325 258 1373 60.
774 1325 852 1374 debet
870 1340 927 1373 esse
945 1326 1003 1374 380.

76 1398 122 1414 “
155 1399 314 1458 supponunt
330 1408 359 1444 00
376 1392 500 1443 adlidem
515 1392 688 1458 theologicam
712 1366 714 1471 1
739 1420 772 1428 -
792 1394 955 1458 impossibilis
972 1394 1096 1443 laicorum
1115 1396 1173 1445 381.

122 1461 244 1510 moveri
261 1462 321 1512 241.
740 1490 771 1497 -
790 1462 923 1511 subtilium
941 1463 1093 1512 clericorum
1111 1465 1169 1514 381.

69 1534 120 1551 “
159 1527 311 1595 despiciunt
326 1536 412 1580 sectas
430 1531 487 1580 131.
741 1558 772 1566 -
791 1531 1057 1596 pseudoloquencium
1075 1532 1132 1582 276.

63 1603 118 1620 “
160 1598 333 1663 predestinati
350 1599 408 1648 147.
741 1627 772 1635 -
800 1600 928 1649 catholica
954 1607 980 1649 et
1006 1601 1102 1649 veritas
1130 1600 1251 1650 cristiana
1277 1615 1316 1650 re·

63 1669 117 1687 “
161 1664 238 1717 liberi
255 1682 273 1717 a
289 1667 443 1717 ceremoniis
460 1667 569 1717 iudaicis
586 1669 627 1718 01.
774 1668 836 1735 gule
855 1671 895 1718 93.

59 1738 119 1755 ““
164 1735 266 1802 pugiles
283 1736 350 1802 legis
367 1735 410 1786 dei
428 1738 468 1787 95.
741 1765 773 1774 -
792 1736 920 1786 catholica
937 1737 963 1785 in
975 1737 1120 1803 oppositum
1137 1737 1240 1786 videtur
1259 1737 1315 1787 123.

58 1809 119 1824 “
167 1803 261 1855 debent
278 1819 384 1855 servare
402 1804 451 1854 deo
469 1805 539 1870 quod
556 1812 596 1855 est
612 1821 688 1854 suum
741 1834 772 1841 -
792 1805 834 1854 dei
852 1806 879 1853 in
896 1805 1016 1855 libertate
1034 1813 1202 1855 conservetur
1219 1807 1260 1855 25.

132 1867 205 1922 les.
742 1902 773 1910 -
792 1873 834 1922 dei
852 1875 952 1923 sincere
970 1880 1121 1939 acceptetur
1137 1876 1178 1924 25.

57 1946 272 2060 “zppssunt
287 1941 384 1991 salvari
401 1942 458 1992 siue
474 1957 542 2008 pape
554 1942 689 2007 presencia
741 1971 773 1978 —
800 1941 929 2060 catpiolssippJ
953 1943 1037 2007 sopita
1064 1950 1103 1992 est
1128 1958 1161 1992 ex
1188 1942 1316 2008 dignitate

168 2023 205 2059 0.
793 2027 809 2060 a
827 2026 843 2059 a
903 2014 938 2060 ι’.

56 2081 336 2194 ‘⁸2persecuntur
360 2078 493 2145 sophistici
515 2079 690 2144 predicatores
713 2122 715 2133 .
740 2028 872 2144 tadiqiiam
892 2107 923 2115 -
942 2079 1069 2129 catholica
1087 2079 1191 2129 hereses
1208 2079 1316 2129 credun-

168 2148 205 2198 63.
775 2156 817 2197 tur
834 2149 892 2198 259.

62 2219 137 2242 x
168 2215 311 2267 moerdotes
328 2223 401 2267 secte
418 2217 587 2267 substernunt
604 2216 662 2267 372.
741 2217 817 2266 -doi
844 2216 970 2266 catholice
988 2232 1047 2281 pars
1064 2216 1152 2266 media
1173 2223 1223 2275 est,
1246 2216 1317 2282 quod

66 2287 137 2310 x
169 2285 318 2335 miraculum
336 2301 390 2334 non
406 2285 515 2335 seducat
531 2286 589 2335 250.
776 2286 874 2335 Cristus
891 2285 973 2334 viavit
990 2286 1016 2334 in
1029 2286 1103 2334 terris
1119 2285 1262 2335 secuudum
1280 2286 1317 2335 vi·

68 2355 137 2379 x
169 2353 274 2404 credunt
290 2353 415 2404 unionem
433 2354 544 2404 ecclesie
562 2354 620 2404 673.
775 2363 829 2404 tam
855 2369 955 2403 summe
981 2369 1123 2419 pauperem
1145 2361 1172 2404 et
1195 2354 1316 2419 penalem

71 2425 145 2448 x
163 2422 365 2473 contradicerent
380 2422 496 2488 pontifici
513 2437 619 2472 romano
631 2422 689 2472 670.
775 2425 833 2473 431.

76 2494 149 2519 x
169 2488 261 2541 debent
277 2492 398 2557 accipere
416 2491 525 2542 formam
541 2490 690 2541 dileccionis
742 2519 774 2528 —
793 2489 1211 2556 tivacitasesthodieplussopita
1224 2493 1282 2542 558.

156 2558 323 2610 801101014.
713 2584 715 2603 ι
742 2560 971 2610 -101011111670,
1088 2602 1092 2613 .

88 2636 156 2658 N
171 2629 354 2679 necessitantur
375 2634 452 2678 acute
474 2628 577 2678 obicere
599 2634 690 2677 contra
713 2606 715 2699 1
742 2657 773 2666 -
792 2629 947 2694 principium
966 2634 1006 2677 est
1023 2628 1129 2679 obedire
1147 2629 1196 2679 deo
1213 2630 1270 2679 301.

158 2699 289 2748 10010015.
713 2704 715 2747 l
742 2726 772 2734 -
792 2698 917 2763 scripture
944 2704 971 2746 et
999 2697 1104 2762 spiritus
1133 2697 1231 2747 domini
1256 2698 1317 2748 Iesu

102 2775 158 2795 κ
172 2773 256 2831 rogant
272 2765 386 2816 Oristum
408 2772 438 2815 ut
458 2765 514 2830 ipse
536 2764 632 2830 dirigat
649 2780 689 2814 ec·
713 2802 715 2807 -
775 2767 851 2816 Cristi
868 2772 908 2815 est
924 2765 1083 2815 credendum
1101 2767 1159 2816 281.

159 2830 251 2884 alesiam
269 2836 329 2885 564.
742 2864 773 2871 -
792 2835 962 2884 fundamenta
980 2834 1031 2884 duo
1050 2836 1090 2884 14.

114 2915 160 2932 “
173 2902 239 2952 multi
255 2903 432 2953 illibertantur
448 2902 476 2951 in
493 2900 545 2951 fide
564 2902 621 2951 624.
742 2931 772 2940 -
791 2904 917 2968 scripture
935 2904 1092 2970 ambiguitas
1110 2905 1150 2953 75.

122 2965 245 3021 *delium
261 2971 355 3022 citacio
373 2986 420 3037 per
437 2985 531 3036 papam
550 2972 608 3020 689.
742 2999 773 3009 -
792 2973 878 3021 unitas
896 2987 953 3022 ease
970 2972 1049 3022 debet
1067 2974 1124 3022 380.

122 3051 161 3068 “
173 3035 263 3090 locucio
280 3040 314 3090 ad
333 3039 377 3090 dei
393 3039 518 3090 honorem
536 3040 576 3089 79.
742 3068 773 3077 -
792 3056 871 3090 cause
897 3040 951 3089 sole
978 3050 1039 3090 sunt
1056 3041 1125 3090 racio
1143 3047 1170 3090 et
1191 3040 1316 3105 scriptura

134 3108 689 3242 *dihbhaschbtidiidrffihipibiiiirmtdhitlibsdig-
742 3112 893 3227 -ldegmina
910 3176 1003 3241 spoliat
1020 3177 1167 3227 anticristus
1185 3176 1243 3227 557.

163 3250 225 3295 catur
243 3249 303 3298 209.
742 3274 774 3283 -
793 3247 917 3310 scripture
935 3245 1079 3294 allabetum
1098 3246 1154 3296 706.

140 3315 414 3382 *evangelizantibus
439 3313 583 3380 periculum
609 3314 689 3363 maxi·
741 3315 773 3364 de
793 3342 824 3350 —
843 3314 964 3363 cristiano
982 3314 1130 3363 substancia
1142 3313 1316 3363 consecracio-

163 3390 220 3432 mum
234 3386 293 3435 461.
713 3380 716 3505 y
774 3399 822 3433 nes
839 3400 892 3433 uon
909 3389 971 3432 sunt
988 3384 1046 3432 261.

140 3462 163 3475 “
175 3450 267 3503 suubre
285 3459 333 3514 001,
351 3452 385 3503 de
401 3452 502 3502 duobus
513 3451 588 3517 papis
604 3467 633 3501 so
652 3458 689 3501 te·
740 3453 767 3501 in
786 3479 817 3488 —
837 3451 961 3501 limitibus
973 3467 1041 3517 pape
1056 3460 1125 3500 stare
1143 3450 1240 3500 debent
1257 3450 1315 3500 558.

163 3522 285 3572 11110179.
713 3508 716 3621 J
741 3521 786 3585 qui
805 3549 836 3555 -
855 3520 980 3584 scripture
998 3520 1140 3570 contrarius
1158 3525 1205 3580 est,
1222 3518 1316 3568 hereti·

141 3597 162 3611 ·
176 3598 272 3640 tonsure
289 3588 350 3640 11010
368 3604 401 3638 110
418 3595 532 3638 noceant
549 3589 606 3639 557.
714 3630 716 3653 ,
775 3605 820 3638 cus
838 3596 877 3638 est
895 3590 953 3638 265,

141 3653 192 3689 ⁸*
205 3665 272 3710 acta
289 3657 367 3708 011011
383 3657 546 3708 observanda
562 3664 602 3706 est
619 3657 676 3709 212.
713 3688 716 3735 t
741 3657 834 3707 —dem
852 3658 918 3723 legis
937 3656 1034 3706 domini
1051 3671 1149 3722 negare
1166 3657 1224 3705 466.

142 3706 200 3771 ilde„
209 3727 322 3790 ecclesie,
340 3726 451 3776 candela
462 3726 560 3776 vellux
573 3725 687 3789 lucerne,
741 3754 773 3762 -
792 3727 825 3775 ab
843 3727 931 3774 anima
949 3726 1052 3789 rapiunt
1069 3726 1161 3774 fratres
1178 3725 1219 3773 21.

166 3790 272 3845 audacer
288 3796 369 3846 debet
384 3795 512 3860 publicari
529 3795 587 3845 330.
741 3823 772 3832 -
791 3802 941 3844 constanter
952 3794 1060 3859 infigere
1077 3808 1183 3843 necesse
1200 3799 1239 3842 est
1258 3793 1314 3843 149.

144 3871 167 3884 “
180 3861 274 3915 eclesie
292 3879 344 3931 que
361 3863 464 3914 nonsit
481 3865 539 3914 465.
741 3892 773 3901 -
793 3863 917 3911 miracula
935 3878 987 3911 non
1005 3863 1104 3912 faciunt
1122 3863 1179 3911 176.
