3082 5024
286 460 346 518 794
720 455 899 504 GENERAL
917 454 1046 503 INDEX.

284 627 358 691 Papa
376 642 428 675 non
446 627 563 691 sequitur
580 626 650 674 viam
668 624 744 675 Cristi
769 629 826 677 589.
914 626 986 689 Papa
1003 630 1043 674 est
1060 624 1173 674 occiduis
1191 625 1332 690 precipuus
1344 625 1495 675 anticristus

284 694 429 744 —occidit
450 695 619 760 spiritualiter
640 694 736 744 multas
762 696 863 745 animas
949 694 1006 743 396.

322 764 378 813 129.
914 788 945 797 -
964 777 1017 810 non
1034 762 1181 812 necessario
1199 769 1238 811 est
1255 761 1401 811 salvandus
1419 762 1477 813 678.

285 860 318 868 -
336 832 544 881 excommunicat
561 831 722 881 adversarios
741 835 798 882 589.
887 800 889 870 l
915 857 946 865 -
964 830 1142 879 beatissimum
1159 838 1239 896 caput
1256 830 1369 881 ecclesie
1388 831 1447 881 620.

287 929 318 936 -
336 916 440 950 crucem
459 901 547 950 elevat
565 901 623 951 589.
916 926 946 934 -
966 899 1036 963 capit
1052 899 1150 948 malum
1167 899 1281 949 medium
1292 899 1418 965 superbie
1435 900 1493 950 561.

288 998 317 1005 -
336 969 442 1019 affectat
459 969 641 1035 temporalium
658 969 773 1018 dominia
791 972 849 1020 591.
887 1008 889 1041 q
915 995 946 1003 -
965 967 1071 1017 affectat
1081 968 1263 1033 temporalium
1276 968 1423 1018 dominium
1435 970 1493 1020 tta.

287 1067 317 1074 -
337 1038 472 1087 restituis
490 1039 674 1087 communitate
692 1038 766 1087 nulla
784 1038 862 1088 debet
887 1061 889 1108 3
915 1064 947 1071 -
964 1043 1058 1101 peccat
1075 1037 1102 1085 in
1119 1037 1206 1102 specie
1224 1037 1346 1103 superbie
1365 1039 1424 1089 561.

321 1107 378 1157 892.
887 1124 889 1133 ’
916 1133 946 1141 -
965 1121 1017 1154 non
1036 1105 1114 1155 debet
1131 1105 1238 1156 credere
1259 1105 1330 1171 quod
1345 1106 1381 1155 sit
1398 1105 1494 1171 simpli·

287 1204 318 1212 -
336 1190 389 1225 non
411 1183 498 1225 servat
519 1175 693 1225 humilitatem
711 1175 786 1225 Cristi
805 1178 862 1227 589.
888 1220 889 1244 q
949 1174 1013 1223 citer
1024 1174 1158 1224 absolutus
1170 1174 1212 1224 vel
1227 1173 1424 1240 predestinatus
1435 1176 1494 1225 578.

286 1272 317 1280 -
335 1259 399 1293 num
416 1245 564 1294 anticristus
582 1246 640 1294 673.
888 1250 889 1290 ξ
915 1270 947 1277 -
965 1258 1027 1291 num
1046 1242 1238 1307 predestinatus
1255 1244 1288 1293 sit
1306 1245 1366 1294 aab.

287 1341 318 1349 -
336 1313 404 1378 rapit
421 1314 490 1363 bona
507 1313 594 1362 omnia
606 1328 622 1362 a
633 1314 792 1378 pauperibus
804 1315 862 1364 684.
888 1304 889 1344 l
915 1339 946 1347 -
965 1312 1091 1376 prescitus
1108 1311 1143 1361 ad
1160 1311 1380 1378 dampnacionem
1402 1314 1461 1362 875.

287 1410 317 1417 --
338 1381 405 1447 fugit
421 1382 535 1432 latenter
552 1382 584 1431 de
597 1382 653 1431 loco
666 1382 791 1431 inlocum
804 1384 862 1432 683.
916 1406 946 1414 -
966 1395 981 1428 a
999 1380 1221 1445 pseudofratribus
1239 1380 1364 1431 seductus
1383 1384 1444 1432 574.

290 1478 317 1486 -
336 1465 353 1499 a
370 1450 481 1514 dyabolo
499 1458 641 1516 temptatus
658 1452 716 1501 677.
915 1448 1077 1499 —faciliter
1102 1456 1190 1514 posset
1214 1449 1370 1500 thezaurum
1400 1449 1496 1516 Anglie

287 1547 317 1555 -
336 1520 441 1584 patulus
459 1520 606 1569 anticristus
625 1520 682 1569 686.
888 1517 889 1572 l
949 1517 1086 1568 exhaurire
1105 1519 1162 1568 575.

286 1588 485 1654 -principium
495 1587 861 1639 1118881118811811811111688.
888 1586 889 1660 ᾗ
916 1612 947 1621 -
966 1586 1047 1636 habet
1063 1586 1209 1637 cardinales
1227 1593 1254 1637 et
1271 1586 1400 1636 tamiliam
1418 1586 1496 1635 nimis

289 1684 320 1692 —
339 1657 408 1705 bona
425 1672 441 1706 a
458 1657 616 1722 pauperibus
634 1657 810 1707 1118111684.
949 1656 1107 1720 superfluam
1125 1657 1183 1706 690.

287 1752 318 1760 -
337 1725 371 1773 ad
388 1724 457 1774 bella
475 1732 599 1790 provocat
616 1727 674 1775 687.
917 1751 947 1759 -
967 1740 1019 1772 non
1036 1723 1115 1773 debet
1136 1725 1293 1789 particiones
1319 1724 1434 1774 ecclesie
1457 1739 1499 1773 ac·

288 1821 319 1828 -
338 1809 401 1842 num
419 1802 510 1859 peccat
527 1794 585 1844 678.
888 1801 890 1859 2
949 1799 1054 1858 ceptare
1073 1795 1132 1843 563.

287 1888 318 1898 -
338 1862 382 1910 wlt
403 1870 432 1911 ut
454 1863 536 1912 exteri
559 1863 644 1912 ferant
664 1863 712 1912 sibi
736 1864 864 1929 copiosius
888 1874 890 1892 ¹
917 1869 993 1910 -et
1014 1860 1160 1910 cardinales
1177 1861 1306 1927 quomodo
1324 1861 1444 1911 habeant
1465 1861 1499 1911 de

320 1931 458 1995 pecuniam
476 1933 534 1980 688,
950 1930 1088 1994 provinciis
1105 1931 1201 1995 primos
1219 1931 1318 1980 fnrctus
1336 1931 1380 1981 32.

287 1999 411 2065 -eligit
431 1999 489 2065 plus
511 2014 590 2065 quam
610 2001 641 2048 12
663 2000 808 2050 cardinales
826 2001 863 2050 in·
888 1963 890 2029 l
917 2025 948 2034 -
967 1998 1079 2047 maxime
1106 1999 1241 2063 perturbat
1267 1999 1409 2049 ecclesiam
1433 1999 1498 2048 mili·

320 2068 402 2131 clytos
420 2075 519 2118 astutos
538 2069 596 2118 687.
888 2041 890 2116 1
950 2074 1049 2116 tantem
1069 2067 1125 2117 129.

287 2164 318 2172 -
338 2137 461 2186 mentitur
478 2137 511 2186 de
530 2137 612 2186 Cristo
636 2137 691 2187 129.
888 2146 891 2205 j
916 2163 947 2170 —
967 2152 1018 2184 nou
1037 2135 1122 2201 diligit
1142 2137 1289 2201 proximum
1310 2142 1341 2186 ut
1365 2137 1498 2202 seipsum

287 2232 318 2240 —
338 2206 364 2254 in
381 2213 465 2256 castro
478 2206 520 2255 vel
538 2205 602 2255 villa
619 2222 761 2271 numquam
780 2206 863 2271 predi·
889 2224 891 2246 =
951 2206 1007 2254 129.

320 2282 362 2324 cat
379 2275 437 2324 iura
454 2274 530 2324 Cristi
548 2276 605 2324 688.
916 2300 947 2309 -
966 2281 1091 2339 arguetur
1108 2274 1135 2322 in
1152 2272 1195 2323 die
1212 2272 1301 2322 indicii
1321 2273 1381 2324 129.

287 2370 318 2378 -
337 2344 363 2391 in
381 2344 450 2392 vicia
466 2359 586 2393 corruere
603 2349 688 2408 potest
705 2345 763 2393 677.
915 2369 947 2378 -
965 2342 1066 2391 furatur
1083 2342 1153 2391 bona
1170 2342 1280 2392 ecclesie
1300 2343 1359 2392 130.

287 2438 318 2447 —
337 2411 414 2461 homo
432 2413 630 2477 superbissimus
648 2420 675 2461 et
686 2412 863 2462 crudelissime
916 2439 946 2445 —
966 2418 1103 2460 accinatur
1119 2427 1179 2459 curn
1201 2417 1288 2476 posset
1307 2410 1437 2462 alleviare
1455 2426 1493 2460 cc·

320 2480 494 2530 vindicativns
513 2483 570 2531 681.
948 2478 1054 2528 clcsiam
1073 2495 1089 2528 a
1107 2480 1259 2545 gravamine
1276 2480 1318 2530 80.

287 2576 318 2584 -
338 2556 377 2598 881
394 2549 514 2599 sacerdos
532 2549 761 2615 impresenciarum
780 2550 837 2600 618.
916 2578 945 2585 -
965 2548 1027 2596 iacit
1046 2548 1177 2598 declinare
1190 2547 1328 2598 ecclesiam
1342 2563 1359 2597 a
1370 2548 1432 2614 lege
1450 2547 1491 2597 do·

290 2644 320 2653 -
339 2626 366 2667 81
383 2617 481 2668 Cristus
499 2617 597 2668 directe
619 2619 740 2667 contrarii
763 2619 790 2667 in
808 2619 863 2667 rita
888 2630 890 2635 ·
949 2616 1012 2665 ruini
1031 2617 1087 2666 129.

321 2688 378 2736 681.
889 2731 890 2742 ,
916 2712 945 2720 -
965 2701 1018 2733 uon
1036 2685 1180 2735 conformat
1191 2700 1264 2734 suam
1277 2685 1361 2735 vitam
1379 2686 1433 2752 legi
1451 2685 1492 2735 dei

288 2781 319 2789 —
339 2762 417 2819 caput
435 2755 544 2805 ecclesie
562 2755 744 2821 triumphantis
764 2756 822 2804 664.
889 2758 890 2793 ἶ
951 2754 1007 2802 129,

288 2850 318 2858 -
337 2823 446 2888 impedit
463 2840 496 2874 ne
515 2831 601 2873 currat
621 2824 702 2873 libere
719 2839 803 2872 sermo
821 2822 863 2872 dei
915 2849 946 2857 —
965 2822 1085 2887 specialis
1103 2821 1179 2871 Cristi
1197 2822 1311 2871 vicarius
1330 2823 1389 2873 171.

322 2892 379 2941 671.
888 2918 890 2951 5
916 2917 946 2926 -
965 2898 1051 2955 potest
1068 2906 1153 2940 errare
1165 2891 1192 2939 iu
1208 2891 1456 2941 cauonizacionibus
1468 2898 1492 2940 81

287 2988 319 2996 -
338 2959 453 3009 inclusus
465 2960 492 3008 iu
504 2968 588 3009 castro
607 2960 685 3009 mittit
696 2959 780 3009 bullas
796 2960 863 3009 blas-
947 2959 1025 3008 bullis
1044 2961 1085 3010 35.

320 3028 427 3093 phernas
445 3029 503 3078 617.
915 3055 945 3064 -
965 3044 1017 3077 non
1035 3036 1122 3077 servat
1139 3028 1294 3094 decalogum
1315 3029 1373 3079 129.

287 3124 318 3133 -·
337 3113 389 3146 nen
403 3103 509 3146 movent
521 3096 638 3146 homines
654 3096 688 3145 ad
700 3096 787 3146 taliter
798 3114 862 3163 pug-
915 3124 945 3132 -
965 3097 1077 3146 maxime
1095 3097 1261 3164 elongatusa
1278 3097 1388 3147 caritate
1407 3096 1450 3146 dei
1467 3104 1493 3146 et

320 3165 436 3215 nandum
455 3166 512 3215 288.
888 3171 889 3174 ’
947 3165 1057 3230 proximi
1076 3166 1132 3215 130.

287 3262 318 3270 -
337 3251 389 3285 non
407 3234 572 3283 immediatus
589 3233 701 3283 vicarius
711 3231 787 3282 Cristi
804 3235 863 3285 463.
888 3240 889 3247 ’
914 3261 945 3269 -
983 3234 1206 3283 manifestissimus
1249 3233 1430 3299 prevaricator
1468 3234 1494 3282 iu

287 3332 318 3340 -
336 3302 412 3352 bomo
439 3303 541 3368 peccati
568 3311 594 3352 et
620 3302 763 3351 contrarius
781 3301 863 3352 Cristo
948 3303 1035 3351 omnia
1053 3303 1178 3351 mandata
1195 3302 1314 3368 decalogi
1335 3304 1392 3353 130.

321 3374 378 3422 616.
888 3370 889 3423 l
915 3398 946 3406 -
964 3386 1074 3436 peccare
1092 3387 1144 3420 non
1162 3379 1247 3437 potest
1267 3373 1324 3422 178.

287 3468 317 3476 -
337 3457 396 3490 cum
415 3441 468 3490 suis
486 3440 603 3507 graditur
623 3440 693 3489 viam
712 3439 862 3505 dampnabi·
915 3440 1076 3504 -quilibet
1100 3456 1147 3505 pro
1169 3448 1286 3505 tempore
1307 3455 1356 3489 suo
1377 3439 1495 3490 beatissi-

319 3510 448 3559 18111616.
948 3524 1005 3556 mus
1027 3509 1081 3558 178.

288 3607 318 3615 -
336 3587 427 3628 auctor
449 3578 537 3627 mortis
560 3578 704 3627 animarum
731 3592 787 3627 esse
810 3593 862 3627 uon
919 3577 1099 3638 -181111181,
1127 3592 1155 3627 se
1177 3591 1234 3627 esse
1256 3582 1387 3627 sectarum
1409 3583 1495 3642 patro·

319 3647 398 3697 debet
419 3649 477 3697 615.
947 3647 1086 3696 1111111305.

288 3744 316 3752 -
336 3714 463 3781 superbus
482 3723 508 3764 et
525 3714 627 3779 proprie
643 3714 735 3763 iniurie
748 3713 862 3763 vindica·
913 3714 934 3762 si
952 3714 1062 3779 quilibet
1080 3741 1111 3749 -
1130 3728 1242 3779 sequens
1259 3714 1293 3764 sit
1311 3713 1441 3780 legittime
1459 3715 1495 3763 vi·

319 3785 400 3848 tivus3
419 3799 520 3834 summe
538 3784 624 3846 ‹lives3
643 3782 863 3832 dominatissimus
947 3783 1032 3831 carius
1050 3782 1075 3832 S.
1094 3783 1165 3832 Petri
1185 3781 1305 3832 catholici
1323 3783 1432 3833 studere
1451 3783 1495 3833 de-

320 3856 377 3905 616.
947 3851 1010 3900 bent
1028 3852 1086 3901 288.

286 3949 315 3957 -
336 3928 459 3971 18118181
476 3936 566 3970 omnes
584 3919 731 3986 spirituales
743 3919 862 3969 distribu-
912 3920 979 3969 sicut
1001 3947 1032 3955 -
1060 3919 1170 3985 quilibet
1189 3918 1310 3969 sacerdos
1330 3929 1497 3971 sacramenta

319 3991 407 4040 ciones
426 3990 483 4040 562.
947 3989 1064 4038 conferre
1082 3995 1168 4054 potest
1184 3988 1242 4038 259.

286 4086 317 4094 -
335 4056 860 4136 181111181111181111881181851111396..
887 4074 889 4136 q
913 4057 985 4122 Pape
1004 4057 1099 4122 pedum
1117 4057 1246 4106 osculacio
1265 4058 1324 4108 699.

286 4154 317 4163 -
336 4129 433 4193 tegitur
450 4127 566 4191 undique
584 4125 733 4187 mendacns‚
751 4141 863 4190 ypocnsr
887 4165 888 4174 ,
915 4153 945 4161 -
965 4125 1035 4175 bullo
1054 4126 1120 4175 false
1140 4127 1196 4175 130.

319 4205 345 4245 81
363 4196 515 4245 commentis
533 4194 590 4244 aliis
608 4195 727 4244 falsitatis
746 4196 803 4244 398.
887 4199 889 4241 ἲ
915 4222 946 4230 -
964 4201 1047 4243 status
1065 4203 1092 4243 81
1109 4193 1224 4244 officium
1241 4195 1406 4260 superfluum
1425 4195 1481 4246 692.
