3082 5024
145 478 169 527 μ
194 459 255 530 rr]
382 427 387 438 ¹
488 466 542 516 ns
557 467 773 520 nnnroronn
789 470 949 520 narrum
970 469 993 518 1.
1269 465 1330 525 509

146 639 311 717 spereticio
331 639 398 712 illa,
422 662 481 722 que
499 644 646 717 mussitat,
670 645 742 724 quia
760 645 861 705 salvat
880 644 920 704 ad
939 643 1030 703 deum
1045 648 1240 720 peccatorum
1263 657 1332 699 con·

146 741 228 814 noio,
262 744 425 807 sacerdote
452 745 632 808 inconsulto.
676 747 747 808 Non
769 749 876 809 asserit
897 768 952 827 per
973 745 1028 805 illa
1050 743 1152 816 verba,
1185 741 1266 823 quod
1287 749 1334 802 eet

146 846 313 924 aporeticio
337 849 578 928 sompniancium
601 871 744 924 asserere,
768 851 849 933 quod
871 851 911 912 ad
933 851 1024 911 deum
1047 855 1242 927 peccatorum
1265 864 1333 905 con·

146 942 256 1008 &0²⁸
280 969 344 1009 non
366 952 526 1015 consulens
548 955 736 1015 sacerdotem
760 955 914 1035 proprium
937 953 993 1014 sub
1016 953 1073 1013 deo
1096 970 1150 1030 pro
1173 969 1228 1008 ena
1250 947 1334 1008 satis·

146 1048 274 1112 'accione
296 1056 512 1117 sacramentali
533 1057 642 1130 salvat,
665 1058 738 1119 licet
759 1068 875 1119 asserat
896 1078 952 1138 per
972 1056 1036 1127 illa,
1062 1054 1143 1135 quod
1165 1060 1211 1112 est
1232 1070 1335 1130 super-

146 1154 221 1215 eicio
243 1157 487 1235 sompniancium
510 1181 652 1234 asserere,
683 1163 765 1242 quod
795 1162 836 1222 ad
858 1162 948 1222 deum
971 1166 1165 1240 peccatorum
1188 1153 1335 1215 confessio

147 1268 357 1338 sontempnens
387 1261 519 1323 finaliter
548 1264 707 1325 consulere
732 1265 920 1326 sacerdotem
943 1262 1099 1344 proprium
1122 1258 1178 1320 sub
1200 1258 1257 1318 deo
1279 1276 1334 1335 pro

147 1376 195 1420 tna
215 1363 427 1424 satisfaccione
449 1367 662 1428 sacramentali
685 1368 794 1430 salvat.

224 1463 275 1524 Ex
298 1487 357 1546 quo
378 1479 466 1547 patet
487 1471 600 1550 quinto,
624 1472 706 1551 quod
727 1471 823 1533 verba
837 1470 1003 1551 Augustini
1022 1487 1113 1546 super
1130 1465 1336 1536 Psalterium,⁶

147 1567 249 1649 utribus
270 1570 313 1631 sic
336 1570 470 1652 loquitur
491 1574 532 1635 ad
554 1570 793 1654 peccatorem²⁹z
817 1575 842 1635 si
864 1595 925 1634 non
948 1573 1103 1635 confessus
1123 1570 1210 1643 lates,
1233 1569 1335 1628 incon·

147 1668 236 1733 lessus
257 1673 514 1755 dampnaberis,³⁰
537 1677 651 1738 debent
671 1679 801 1757 intelligi
823 1678 881 1738 hoc
904 1676 1006 1737 modo:
1039 1673 1166 1754 quodsi
1194 1680 1337 1751 peccator

147 1768 235 1835 latest
262 1777 296 1836 in
326 1777 454 1841 tenebra
479 1781 620 1861 superbie
643 1792 860 1862 contempnens
881 1780 1013 1841 finaliter
1028 1786 1039 1848 ΙΙ
1056 1776 1190 1838 confiteri
1213 1772 1507 1855 propriotosot1⁸⁹⁰

147 1880 288 1940 sacerdoti
319 1880 377 1942 sub
409 1883 466 1943 deo
496 1904 550 1944 seu
581 1885 646 1946 cius
672 1886 770 1946 vicem
793 1884 977 1945 ordinariam
1000 1880 1126 1960 gerenti,
1150 1879 1336 1939 inconfessus

148 1980 366 2063 dampnabitur.

224 2086 321 2148 Sexto
352 2098 441 2167 patet
470 2111 509 2150 ex
531 2088 715 2171 predictis,³¹
747 2092 828 2173 quod
849 2112 938 2152 nemo
962 2089 1127 2151 conteritur
1148 2087 1187 2147 de
1209 2093 1336 2165 peccato

149 2190 270 2264 mortali,
299 2191 381 2271 quod
404 2193 562 2268 commisit,
589 2195 646 2256 nisi
668 2216 737 2256 cum
760 2196 818 2256 hoc
840 2195 1020 2255 confiteatur
1041 2192 1098 2251 deo
1120 2197 1151 2250 et
1172 2188 1212 2250 ab
1235 2208 1270 2248 eo
1292 2208 1337 2248 sa·

148 2293 368 2355 crementaliter
390 2297 609 2359 reconcilietur.
639 2298 788 2359 Probacio
810 2298 900 2358 huius
921 2306 982 2358 stat
1003 2297 1034 2355 in
1056 2294 1123 2366 hoc,
1147 2292 1228 2373 quod
1249 2310 1338 2351 nemo

148 2395 182 2457 sie
210 2398 390 2471 conteritur,
422 2400 479 2460 nisi
510 2422 580 2462 cum
612 2401 668 2462 hoc
700 2402 879 2462 confiteatur
910 2409 1011 2460 mente
1035 2398 1092 2458 deo
1115 2405 1145 2457 et
1167 2393 1338 2455 voluntarie

148 2500 286 2579 suscipiat
316 2499 357 2561 ab
387 2523 422 2562 eo
453 2524 528 2564 onus
550 2505 591 2566 ad
612 2505 787 2566 faciendum
810 2513 840 2566 et
862 2502 1053 2584 paciendum,
1086 2498 1233 2581 quidquid
1264 2497 1339 2557 deus

148 2603 198 2676 sit,
230 2604 316 2684 quod
348 2605 444 2666 iaciat
473 2607 523 2668 vel
553 2608 693 2688 paciatur
722 2610 754 2668 in
784 2609 842 2668 hoc
873 2606 986 2667 mundo
1009 2604 1058 2665 vel
1081 2602 1151 2675 alio,
1182 2610 1338 2681 tamquam

148 2709 347 2769 ›enitenciam
376 2709 527 2788 integram
554 2712 773 2773 satisfaccionis
800 2701 1110 2772 sacramentantem³²
1131 2705 1266 2786 perfecte
1288 2723 1339 2783 pe·

148 2812 304 2873 riteuciam
329 2813 548 2874 satisfaccionis
570 2813 670 2875 Oristi.
700 2815 743 2875 Et
764 2836 833 2876 cum
853 2814 949 2873 omnis
964 2806 1169 2873 huiusmodi³³
1184 2807 1340 2886 suscepcio

149 2916 174 2975 it
196 2916 341 2994 perfecta
361 2917 590 2978 sacramentalis
612 2918 831 2990 reconciliacio,
854 2917 989 2996 sequitur
1011 2913 1173 2976 conclusio.

223 3018 278 3078 Ex
300 3038 362 3098 quo
384 3028 478 3098 patet,
501 3021 582 3100 quod
604 3042 665 3082 non
692 3023 789 3083 omnis
811 3019 1040 3082 sacramentalis
1062 3015 1273 3078 reconciliacio
1295 3021 1341 3074 eet

359 3261 424 3321 οοι).
443 3261 547 3323 suffusa
571 3263 634 3325 Opp.
656 3263 722 3311 Pom.
741 3262 760 3310 Ι
764 3262 789 3308 V
803 3262 897 3310 enarr.
919 3261 945 3308 is
962 3255 1173 3307 Psmaxnn'VI
1188 3271 1216 3317 p.
1233 3259 1291 3308 66⁰,
1306 3253 1341 3301 F:

315 3345 377 3406 qaid
394 3346 483 3394 tistulis
500 3349 614 3414 confiteri
631 3352 655 3396 et
679 3350 706 3396 ia
723 3349 873 3412 consessione
893 3349 976 3394 oestro
993 3348 1095 3392 cantare
1116 3343 1239 3389 cosmam
1256 3356 1342 3388 novum

317 3446 371 3477 rara
389 3434 454 3480 omni
471 3437 547 3490 terra,
565 3434 591 3481 in
607 3435 673 3482 omni
691 3439 767 3490 terra,
784 3435 811 3482 irs
824 3449 889 3496 pace
906 3432 1030 3480 caldellos
1047 3429 1161 3495 confiteri
1179 3428 1254 3487 limes,
1273 3427 1342 3473 Deras

317 3531 347 3563 ae
372 3518 506 3581 confessam
532 3520 644 3567 damnet?
674 3520 704 3568 St
730 3519 919 3581 concensemus
945 3517 1019 3572 lata,
1041 3515 1165 3578 confer-rar
1187 3511 1343 3560 damnatoris

318 3603 392 3661 (scith
409 3605 456 3668 res.
469 3609 493 3653 to
505 3606 553 3654 etis
565 3607 632 3653 aare
643 3607 665 3654 is
676 3622 693 3653 a
704 3610 760 3654 note
771 3605 858 3653 beloto.-
877 3604 951 3651 Edita·
967 3618 1023 3659 ,non
1035 3601 1159 3664 consessas
1171 3597 1342 3647 tammonis.

319 3688 440 3752 Erpunye
456 3696 526 3752 ,nost
544 3692 610 3753 qaod
625 3691 693 3740 obest
704 3709 720 3740 o
732 3692 830 3751 Mas).
869 3689 947 3738 Times
959 3688 1080 3754 confiteri,
1092 3687 1135 3748 psi
1145 3702 1193 3733 non
1204 3683 1341 3750 confitendo

318 3791 369 3821 esse
379 3791 426 3822 non
434 3780 505 3838 potes
516 3777 638 3826 occultus:
656 3778 812 3826 domnoberls
823 3777 921 3832 tacitus,
938 3776 997 3837 quia
1006 3789 1090 3837 posses
1104 3771 1208 3819 liberari
1219 3769 1343 3831 confeceras

206 3999 231 4028 ⁸⁸
251 3997 457 4069 cstnsessioscft
490 4016 565 4050 ommi
635 3998 656 4028 ’θ
673 4004 700 4050 ia
719 4006 742 4049 ,4
760 4004 783 4050 is
800 4002 858 4050 add.
871 4001 946 4048 above
963 3998 1009 4046 eol.
1022 3991 1098 4046 told:
1121 3994 1162 4042 De
1180 3991 1343 4041 consessione

150 4083 335 4155 tugmi1u24¹
396 4081 419 4112 ⁸⁰
436 4086 618 4151 ‹lernpnaberis
627 4088 692 4138 AOo
723 4084 932 4154 dampueberisfl
987 4079 1009 4109 ⁸¹
1027 4080 1149 4147 predictis
1160 4081 1204 4136 cm
1223 4080 1281 4126 lere
1298 4093 1343 4142 pra

150 4194 182 4225 as
200 4176 274 4223 later
292 4173 351 4220 been
368 4172 425 4220 add.
472 4173 547 4223 dictis
557 4170 601 4242 Αβ
690 4170 713 4200 ⁸²
729 4177 965 4223 sacramentantem
979 4171 1016 4221 Oa
1073 4164 1288 4216 sacramentalem
1298 4160 1344 4233 Αβ

150 4264 156 4291 ¹
175 4256 336 4312 huirmmodi
344 4259 408 4308 sca
444 4258 519 4310 huius
528 4257 554 4329 fl,
573 4261 616 4308 bat
631 4277 696 4309 corr.
714 4261 766 4310 into
783 4257 930 4309 huiusmodi
948 4258 977 4322 dy
996 4253 1025 4325 β’
