3082 5024
513 443 565 491 GE
568 441 596 491 N
603 442 704 491 ERAL
722 443 851 492 INDEX.

78 613 180 662 Privati
191 612 293 677 patroni
306 618 333 662 et
346 611 438 662 iratres
451 613 545 662 mortni
554 613 581 662 in
590 613 659 663 bello

113 682 203 747 papali
222 683 264 732 35.

78 760 200 801 -torum
217 749 338 799 ordinum
356 750 437 799 abbas
457 751 513 800 121.

77 845 111 854 -
147 825 317 885 patronorum
352 819 444 885 religio
480 820 553 884 peior
580 835 659 885 qnam

113 887 250 938 01161134.

76 963 153 1007 —tos
176 956 280 1006 ordines
301 954 435 1005 brachium
455 956 574 1007 seculare
591 973 660 1007 com·

113 1024 212 1091 pellere
230 1024 310 1074 (lebet
328 1024 385 1074 102.

77 1104 156 1144 -tus
176 1100 303 1159 patronus
323 1093 406 1159 magis
423 1093 565 1144 honoratur
581 1110 659 1160 quam

115 1163 214 1213 01161116
231 1177 248 1213 6
265 1163 342 1212 sectis
361 1163 418 1213 140.

76 1232 251 1296 Pririleginm
268 1231 377 1280 fratrum
396 1232 453 1280 513.

78 1328 113 1336 -
131 1301 258 1350 anticristi
279 1301 338 1350 601.

79 1397 114 1405 -
132 1370 236 1419 ordines
258 1367 412 1418 instituendi
430 1367 528 1419 Gristus
545 1370 660 1435 patronis

115 1454 168 1487 non
185 1437 259 1487 dedit
275 1439 334 1488 266.

78 1508 159 1573 —gio
180 1506 300 1556 ordinum
322 1511 405 1555 status
428 1507 586 1571 apostolicus
607 1523 661 1556 non

115 1576 254 1641 insignitus
272 1580 312 1625 est
329 1575 474 1625 402-463.

79 1645 160 1711 —gia
171 1650 199 1694 et
210 1659 291 1709 opera
302 1658 370 1709 papo
380 1644 474 1693 nociva
483 1649 509 1694 et
517 1644 593 1693 ntilia
601 1644 660 1694 692.

81 1740 112 1749 -
130 1713 252 1763 inaudita
269 1713 296 1761 16
313 1712 386 1761 curia
402 1728 511 1762 romana
528 1716 586 1763 564.

81 1809 113 1818 -
133 1788 161 1831 et
177 1782 238 1831 ficte
255 1797 365 1831 censure
383 1796 508 1846 paparum
528 1784 586 1832 691.

80 1877 114 1886 -
127 1850 230 1900 infinita
237 1851 418 1916 episcoporum
427 1866 591 1900 cesareorrrm
601 1851 660 1902 260.

78 1919 254 1969 Probabiliter
271 1918 378 1969 credero
396 1919 462 1968 citra
479 1918 557 1969 fidem
577 1921 634 1971 119.

80 1989 208 2038 Ρ1656616
226 1994 356 2038 sectarum
376 1988 432 2038 114.

81 2083 113 2093 -
132 2057 344 2122 aasumpciorrum
361 2071 429 2122 pape
448 2062 475 2107 et
492 2056 600 2106 fratmm
619 2057 659 2107 15.

80 2126 195 2176 Probare
229 2126 351 2175 nesciunt
383 2141 453 2191 papa
487 2125 530 2175 vel
569 2125 661 2175 fratres

114 2194 310 2260 assumpciones
326 2209 387 2244 suas
405 2195 446 2244 15.

80 2263 231 2313 Procedant
248 2263 282 2312 ab
299 2262 393 2313 eadem
411 2278 522 2329 persona
540 2262 660 2328 11661161-

114 2331 363 2383 6666611166163.

80 2401 114 2451 de
137 2400 326 2450 Procreacione
349 2400 447 2449 camah
469 2401 496 2449 in
514 2399 660 2465 ewangelio

81 2538 238 2588 Procuracio
255 2538 357 2588 sincera
373 2537 435 2587 boni
454 2538 511 2588 120.

79 2635 109 2643 -
129 2607 257 2672 ypocrisis
278 2608 333 2657 195.

77 2678 237 2726 Procurator
254 2682 326 2724 secte
344 2674 403 2739 Gog
421 2676 479 2725 391.

76 2751 183 2795 -tores
205 2743 311 2808 dyaboli
332 2750 393 2794 sunt
414 2744 459 2809 qui
481 2749 581 2809 augent
603 2741 661 2792 reli-

111 2814 205 2881 giones
223 2813 340 2878 privatas
358 2813 417 2863 521.

77 2910 109 2919 -
132 2882 216 2947 patuli
234 2887 305 2932 secte
322 2881 449 2931 anticristi
466 2888 527 2930 sunt
545 2880 603 2930 112.

76 2951 206 3001 Prodesse
225 2950 323 3000 debent
340 2949 460 2999 monachi
477 2956 567 2999 saneta
585 2948 661 2998 matri

112 3020 225 3070 ecclesie
245 3020 302 3069 132.

75 3095 176 3138 -snnt
192 3087 273 3137 nichil
290 3087 383 3137 fratres
400 3087 428 3136 16
445 3086 554 3136 edificiis
571 3086 612 3136 29.

76 3184 111 3194 -
131 3173 184 3207 non
203 3157 296 3206 fratres
314 3155 425 3206 ecclesie
443 3158 484 3206 93.

77 3226 207 3276 -fnisset
224 3223 330 3291 qnando
348 3223 446 3274 cristus
464 3225 522 3274 261.

75 3298 105 3345 iu
131 3294 311 3344 Prodicionem
333 3293 403 3359 regis
426 3299 453 3343 et
478 3292 564 3357 regni,
592 3291 661 3357 quod

114 3363 233 3413 incolunt
249 3362 350 3423 fratres,
369 3368 445 3412 sonat
461 3361 584 3427 spoliacio
603 3362 661 3412 306.

76 3432 200 3483 Proditor
213 3431 256 3481 dei
266 3431 307 3480 sui
319 3436 359 3480 est
372 3430 455 3480 omnis
466 3430 593 3496 prescitus
604 3431 661 3479 181.

77 3501 178 3551 -toris
196 3500 293 3550 noticia
310 3499 419 3549 confusa
437 3500 478 3550 11.

78 3577 185 3620 -tores
203 3568 300 3618 domini
313 3576 382 3629 sunt,
400 3568 446 3632 qui
457 3573 546 3618 tacent
557 3572 663 3632 propter

114 3639 216 3689 lucrum
225 3637 306 3687 seculi
312 3637 356 3687 vel
365 3637 541 3688 salvacionem
550 3635 662 3701 corporis

114 3706 267 3772 temporalis
287 3706 344 3756 132.

77 3803 114 3814 -
133 3775 264 3825 falsissimi
282 3781 335 3823 1616
354 3774 466 3839 corporis
482 3788 561 3840 quam
583 3772 663 3823 animi

115 3846 209 3895 fratres
227 3844 366 3894 61161462.

77 3940 114 3950 -
133 3914 176 3963 (lei
194 3919 221 3963 et
238 3912 372 3961 hominnm
390 3916 461 3961 secto
479 3912 520 3961 42.

77 4010 114 4020 -
132 3981 304 4032 infidelissimi
321 3981 467 4030 animarum
485 3981 543 4031 103.

80 4080 114 4089 -
133 4050 266 4101 manifesti
284 4048 326 4099 dei
345 4049 513 4098 1161166216.

78 4121 216 4172 Profectus
235 4118 345 4168 ecclesie
363 4118 498 4168 mihtantis
519 4119 560 4167 19.

78 4189 211 4241 Professio
230 4187 370 4237 fantastica
392 4188 449 4237 139.

1228 450 1289 507 801

684 630 686 693 y
712 614 927 733 ex4i1’rofessione
944 629 1013 665 vane
1030 614 1163 680 religionis
1180 615 1291 682 obligari

684 698 686 729 ε
782 699 806 734 e.

684 758 687 797 ἰ
711 753 887 802 Professorem
900 767 963 801 num
979 752 1070 819 religio
1081 753 1146 818 priv.
1158 769 1212 803 non
1225 754 1290 803 diffi-

747 820 904 872 661161500.

712 890 842 940 Proficero
859 890 927 940 rivis
945 895 971 939 et
988 890 1095 939 mortuis
1112 890 1171 941 248.

713 960 820 1008 —cinnt
836 959 886 1008 sibi
904 959 968 1008 folia
986 960 1043 1009 162.

712 1029 817 1077 -oiens
834 1027 912 1077 homo
929 1028 1014 1093 legius
1033 1043 1114 1094 regno
1135 1030 1191 1079 104.

712 1096 867 1146 Profundari
884 1102 911 1146 61
929 1097 1054 1146 maculari
1065 1098 1175 1163 contigit
1184 1097 1292 1164 privatis

747 1165 880 1215 ordinibus
900 1165 955 1215 102.

712 1234 811 1283 -dant
827 1249 856 1283 se
873 1234 900 1282 in
917 1233 1016 1283 scolere
1034 1234 1125 1283 fratres
1147 1235 1187 1284 53.

712 1302 857 1351 Prohibicio
875 1301 972 1351 domini
990 1302 1072 1367 spissa
1088 1303 1116 1351 in
1134 1302 1194 1368 lege
1214 1305 1270 1353 136.

712 1398 744 1407 —
763 1371 806 1420 dei
823 1370 904 1421 debet
919 1378 988 1421 staro
1005 1370 1065 1419 filiis
1086 1370 1140 1420 suis
1157 1376 1291 1437 tamquam

746 1439 789 1488 lex
809 1439 866 1489 131.

712 1508 848 1557 Ρ1611151111
870 1506 967 1557 cristus
990 1506 1046 1557 fieri
1068 1507 1218 1558 addiciones
1243 1524 1291 1559 sne

746 1577 800 1643 legi
819 1578 876 1626 144.

712 1646 817 1695 Ρ1611116
835 1645 968 1695 oraciones
986 1646 1044 1696 345.

713 1715 773 1763 —rri
790 1730 843 1764 non
855 1729 912 1765 esse
925 1713 1050 1764 debemus
1061 1715 1088 1764 in
1101 1715 1223 1764 oracione
1233 1716 1292 1764 344.

713 1783 852 1833 Prolixitas
871 1782 961 1833 orandi
980 1785 1039 1834 345.

712 1868 760 1917 per
782 1851 934 1917 Prophanas
960 1852 1163 1903 eonsuetudines
1185 1852 1293 1919 obligati

748 1937 837 1970 sumus
855 1921 914 1971 263.

712 1988 885 2054 Prophetacio
920 1990 1028 2055 egregia
1057 1989 1225 2056 Hildegardis
1259 1989 1293 2038 de

748 2058 825 2107 sectis
843 2058 884 2107 61.

715 2154 746 2162 -
765 2125 855 2176 Enoch
873 2124 1001 2175 desectis
1019 2127 1060 2176 66.

714 2195 885 2260 Prophetavit
907 2193 1005 2244 cristus
1028 2209 1140 2245 errorem
1162 2201 1292 2245 sectarum

713 2331 844 2397 Prophete
862 2331 921 2381 falsi
939 2331 1032 2381 fratres
1050 2332 1091 2382 16.

715 2427 747 2437 -
766 2401 831 2467 legis
849 2400 1022 2450 1616116299.

714 2496 746 2505 -
764 2476 868 2520 veteres
891 2484 944 2517 non
966 2467 1127 2518 confederati
1148 2483 1206 2516 curn
1229 2467 1292 2517 licti-

748 2538 794 2587 ciis
813 2536 931 2587 ordinum
950 2538 1009 2587 299.

713 2635 745 2642 -
765 2606 823 2655 falsi
842 2605 949 2655 visitant
966 2605 1057 2655 fidelos
1075 2605 1133 2654 413.

715 2703 745 2712 —-
765 2675 824 2725 falsi
841 2672 1011 2740 magnificant
1028 2673 1106 2723 libros
1123 2688 1183 2722 suus
1200 2673 1258 2722 413.

715 2773 745 2780 -
765 2743 823 2792 falsi
840 2742 965 2791 simulant
982 2742 1147 2792 sanctitatem
1165 2742 1223 2792 413.

713 2840 748 2849 -
766 2811 824 2861 falsi
841 2817 903 2860 sunt
920 2811 975 2876 lupi
992 2826 1102 2876 rapaces
1119 2812 1178 2861 413.

713 2910 745 2917 -
767 2880 826 2930 falsi
844 2878 956 2929 dilatant
972 2880 1084 2930 filateria
1102 2880 1161 2930 413.

715 2978 745 2985 -
764 2953 902 2999 tacuerant
919 2948 1006 2998 dicere
1023 2949 1161 2999 veritatem
1178 2949 1237 2998 480.

715 3046 744 3055 -
764 3017 914 3067 habuerunt
934 3032 1029 3082 penam
1047 3018 1218 3083 multiplicem
1236 3017 1294 3066 480.

715 3093 833 3136 -tarum
851 3086 975 3136 falsorum
992 3087 1143 3136 numeracio
1160 3087 1219 3136 413.

715 3155 937 3220 Propinquissima
953 3162 1026 3205 secta
1037 3162 1108 3205 secte
1118 3154 1194 3205 Gristi
1212 3154 1296 3220 prima

752 3231 793 3273 est
811 3225 870 3274 213.

714 3292 938 3358 Proporcionalior
955 3291 1005 3341 sibi
1022 3290 1120 3341 (lristus
1138 3291 1197 3341 209.

715 3362 741 3411 16
759 3361 869 3426 Propria
886 3375 999 3426 persona
1013 3359 1110 3409 habere
1128 3374 1219 3425 peram
1236 3360 1295 3409 369.

715 3457 747 3466 -
765 3429 870 3479 iusticia
887 3430 942 3479 vita
964 3443 1069 3494 sperare
1091 3428 1217 3478 debemus
1235 3427 1294 3477 344.

716 3498 819 3563 -prias
831 3498 921 3547 domos
933 3497 1100 3564 septuaginta
1112 3496 1164 3545 duo
1176 3495 1295 3561 discipuli

750 3583 802 3616 rron
820 3566 971 3617 habuerunt
988 3568 1046 3616 369.

714 3636 883 3701 Proprietarii
902 3642 963 3685 sunt
979 3636 1072 3684 fratres
1090 3635 1131 3683 53.

714 3705 864 3769 Proprietas
883 3704 989 3769 dyaboli
1006 3704 1064 3753 362.

715 3779 818 3823 -tatos
841 3773 990 3838 personales
1012 3771 1122 3837 quilibet
1139 3769 1219 3819 habet
1236 3770 1295 3819 348.

715 3842 841 3906 Prosequi
860 3840 996 3891 consihnm
1012 3840 1117 3905 spiritus
1128 3839 1295 3890 tenebrarum

716 3980 843 4043 Prospera
856 3984 913 4027 orat
921 3977 1031 4027 ecclesia
1041 3982 1102 4027 ante
1114 3976 1295 4026 induocionem

750 4054 880 4096 sectarum
898 4048 939 4095 29.

717 4131 795 4165 -616
805 4115 946 4164 militantes
956 4114 1046 4164 virent
1054 4115 1082 4164 in
1091 4113 1205 4164 secundo
1214 4113 1296 4162 millo·

751 4185 824 4233 nario
842 4184 900 4234 391.
