3082 5024
190 454 250 512 712

188 621 336 688 Hospitales
348 623 443 672 milites
461 622 664 674 adinvcucioucs
682 640 763 676 novas

221 690 340 740 ‹leserere
359 692 455 741 debent
472 693 530 742 210.

96 768 104 781 ‘
188 759 284 808 —lium
308 767 380 810 secta
402 775 449 825 per
466 761 547 810 verba
565 763 691 826 aprocriia
710 779 762 813 non

221 835 261 878 est
277 828 441 878 iustificanda
459 829 517 879 211.

186 924 216 932 -
230 897 359 963 obligacio
370 898 472 962 privata
481 897 619 948 multorum
628 900 760 949 conscien-

219 966 272 1014 cias
289 974 381 1015 onerat
399 967 456 1016 210.

184 1033 355 1098 Hospitalitas
368 1034 473 1084 videtur
490 1035 619 1084 medicina
637 1036 699 1103 fuge
717 1040 758 1088 55.

183 1102 306 1167 Hospites
325 1109 392 1152 terre
410 1104 503 1153 fratres
522 1106 578 1154 103.

183 1171 278 1221 Ηοεῖθε
295 1178 348 1220 ῖ1εε
366 1171 498 1221 hominum
518 1175 575 1223 119.

183 1238 275 1289 Hostia
301 1249 452 1290 consecrata
478 1257 530 1290 non
552 1243 625 1306 ponit
646 1244 757 1295 colorem

216 1309 258 1358 vel
277 1307 387 1375 figuram
405 1311 446 1359 28.

182 1404 212 1412 —
224 1384 374 1427 consecrata
384 1379 446 1442 quid
456 1379 524 1428 sitin
533 1387 652 1430 matema
660 1381 758 1447 lingwa

215 1446 321 1496 heretici
341 1463 395 1495 nou
417 1447 515 1497 audent
533 1447 619 1498 dicere
636 1448 757 1500 fidelibus

180 1610 211 1617 —
231 1589 383 1633 consecrata
400 1591 440 1633 θεῖ
457 1585 611 1635 naturaliter
622 1601 699 1636 verris
711 1602 755 1653 pa-

214 1652 327 1701 11111398.

180 1746 212 1754 -
231 1727 382 1769 consecrata
400 1720 544 1786 figuraliter
556 1729 595 1772 est
606 1739 699 1789 corpus
711 1725 754 1775 do·

213 1788 274 1837 ruini
292 1790 355 1850 3983
374 1791 432 1839 399.

178 1864 379 1906 -consecrata
401 1865 440 1907 est
461 1859 594 1923 quantitas
616 1861 673 1911 sins
694 1863 752 1911 sub·

212 1925 279 1974 lecto
297 1928 355 1975 398.

178 2019 208 2028 -
222 2000 373 2044 consecrata
385 2001 424 2044 est
436 1995 556 2045 accidens
568 1997 623 2046 siue
636 1999 752 2049 subiecto

176 2158 206 2164 -
227 2138 377 2181 consecrata
392 2140 431 2182 est
443 2133 555 2197 qualitas
567 2134 623 2184 sine
635 2135 751 2186 subiecto

176 2275 375 2318 —consecrata
397 2277 437 2318 est
458 2271 615 2336 aggregacio
632 2273 751 2322 acciden-

209 2337 278 2385 cium
295 2338 350 2387 sivo
368 2337 447 2387 nichil
465 2340 523 2388 398.

175 2431 205 2439 -
225 2413 265 2455 θεῖ
283 2421 344 2455 vere
363 2407 437 2471 panis
455 2412 481 2456 θῖ
498 2423 591 2471 corpus
603 2407 678 2458 cristi
691 2410 749 2460 262.

174 2500 205 2507 —
225 2490 276 2523 non
295 2490 351 2524 esse
370 2491 462 2541 corpus
479 2474 554 2524 cristi
572 2485 642 2527 scete
660 2477 751 2528 dicunt

175 2637 205 2644 -
224 2625 278 2660 una
295 2619 335 2661 est
352 2627 385 2660 cx
403 2611 520 2661 (lontrina
537 2612 613 2663 cristi
631 2614 688 2664 381.

174 2705 204 2713 -
225 2687 264 2728 θεῖ
279 2680 385 2729 unicum
402 2696 495 2745 corpus
513 2680 588 2731 Gristi
607 2685 664 2733 381.

174 2774 205 2781 -
223 2756 374 2797 consecrata
392 2750 449 2798 381.

174 2843 204 2851 -
223 2816 328 2866 cottidie
346 2817 373 2865 in
391 2817 467 2866 altari
484 2824 610 2868 mactatur
627 2819 685 2868 384.

172 2883 204 2932 de
217 2911 249 2919 -
262 2891 332 2934 secte
349 2886 445 2950 populo
463 2885 541 2935 fidem
559 2887 694 2952 antiquam
713 2888 749 2936 di-

207 2960 269 3002 cunt
288 2955 345 3003 381.

172 3048 203 3056 -
223 3021 313 3072 dicunt
329 3021 447 3071 infideles
465 3038 493 3071 sc
511 3023 617 3072 credere
630 3024 696 3073 sicut
708 3039 748 3073 ec-

207 3090 287 3139 clesia
304 3092 362 3141 383.

173 3185 204 3193 -
223 3159 295 3208 laicis
311 3175 365 3208 non
383 3165 422 3209 θεῖ
439 3158 617 3209 disserendum
635 3162 693 3212 383.

174 3254 203 3262 -
215 3228 284 3292 quod
290 3228 543 3278 ‹licantseutenciam
552 3244 661 3295 regnum
671 3231 748 3279 sectis

206 3296 342 3362 iniungere
360 3303 446 3362 posset
467 3298 524 3346 382.

170 3365 289 3414 notiam
320 3380 376 3415 esse
403 3381 495 3430 corpus
522 3364 597 3415 Gristi
623 3372 694 3417 secte
720 3367 747 3415 in

204 3434 279 3482 scolis
296 3440 395 3500 negant
412 3435 470 3484 381.

173 3531 200 3537 -
222 3518 278 3552 θεεθ
296 3502 416 3552 accidens
437 3503 493 3552 sine
511 3503 660 3552 substancia
676 3508 747 3553 secte

205 3570 294 3621 dicunt
311 3573 369 3621 381.

171 3667 201 3674 -
216 3656 308 3705 corpus
317 3640 391 3690 Cristi
404 3655 460 3688 esse
469 3639 561 3689 fideles
569 3639 679 3689 credunt
687 3640 745 3690 383.

171 3736 199 3741 --
231 3709 328 3758 virtute
357 3708 494 3758 verborum
528 3709 626 3758 domini
655 3724 747 3774 corpus

204 3776 279 3827 Gristi
297 3792 354 3828 csse
371 3777 429 3827 laici
448 3777 558 3826 credunt
575 3779 633 3828 383.

169 3846 238 3895 —tie
256 3854 405 3895 consecrate
423 3845 487 3896 fides
504 3845 647 3895 orthodoxa
665 3846 723 3895 282.

168 3914 306 3964 Hostiatim
332 3914 480 3964 mendicare
501 3930 553 3964 nou
571 3914 696 3963 fundatur
712 3929 745 3963 ex

202 3984 348 4049 ewangelio
368 3985 424 4033 188.

168 4050 292 4100 llurnaua
310 4053 409 4116 species
422 4051 520 4101 Cristus
538 4051 622 4100 factus
634 4057 674 4099 est
686 4051 744 4100 330.

168 4147 197 4154 -
219 4121 338 4169 statuicio
357 4120 583 4169 observantiarum
602 4119 744 4169 secuudum

201 4189 263 4252 quid
281 4203 390 4238 erronea
408 4195 446 4236 θεῖ
464 4189 608 4238 498-491.

626 454 805 502 GENERAL
823 454 953 502 INDEX.

815 625 939 674 Humana
957 628 1029 673 carta
1045 624 1079 674 ad
1102 624 1319 674 instificaciouem
1340 641 1413 674 εει

848 694 930 742 lerum
949 692 1026 742 nichil
1044 693 1116 742 valet
1135 694 1193 743 136.

815 788 845 797 -
864 761 1007 826 pnrdencia
1018 778 1070 811 uon
1082 761 1178 811 sufficit
1190 761 1278 811 facero
1291 761 1413 827 religi<

847 845 907 879 uem
925 831 980 879 sine
1002 830 1107 880 delectu
1125 831 1183 880 491.

812 915 908 948 -nurn
926 914 1010 964 genus
1026 913 1115 949 creare
1133 906 1161 948 et
1178 913 1272 964 regere
1290 900 1348 948 208.

812 983 892 1016 -nes
910 967 1066 1017 tradiciones
1082 967 1233 1032 relinquere
1253 968 1311 1017 140.

810 1036 953 1085 secuudum
972 1052 1053 1085 -uas
1069 1035 1175 1102 regulas
1191 1043 1263 1086 secte
1283 1034 1394 1084 fundate

810 1172 967 1222 Humanitas
979 1172 1055 1223 cristi
1072 1173 1197 1237 processit
1215 1174 1242 1222 in
1261 1172 1315 1223 tine
1327 1182 1383 1222 tern-

843 1243 912 1306 poris
932 1243 987 1291 183.

808 1310 864 1360 sine
884 1316 971 1359 —tate
983 1309 1058 1359 Cristi
1073 1310 1184 1360 ecclesia
1196 1311 1282 1374 poturit
1294 1308 1379 1359 salvari

843 1380 902 1429 251.

807 1446 920 1495 Humilis
932 1455 959 1497 et
970 1446 1004 1495 ad
1015 1445 1181 1495 serviendum
1192 1446 1243 1496 deo
1254 1453 1381 1513 promptus

842 1516 951 1581 quisque
969 1515 1048 1564 debet
1065 1529 1122 1563 esse
1144 1516 1199 1565 125.

807 1585 889 1633 -iles
910 1600 1021 1649 persone
1043 1598 1060 1632 a
1085 1583 1135 1632 deo
1160 1583 1323 1650 stipendium
1343 1599 1382 1633 ex·

842 1658 990 1717 spectantes
1008 1653 1066 1701 210.

806 1720 948 1770 Humilitas
966 1720 1039 1770 Cristi
1063 1735 1110 1786 per
1132 1720 1228 1770 multos
1245 1720 1383 1786 ‹lespicitnr

840 1791 898 1839 211.

806 1859 900 1906 —tatis
918 1857 992 1908 Cristi
1010 1859 1177 1907 conversacio
1195 1859 1254 1908 396.

804 1925 831 1974 in
850 1954 881 1962 -
901 1926 984 1991 gradu
1001 1925 1137 1974 cnsdanus
1150 1942 1201 1975 nou
1214 1933 1302 1991 postest
1314 1927 1384 1991 equi-

841 1996 926 2060 parari
948 1996 1003 2044 184.

804 2071 892 2113 -tate
919 2070 998 2129 atquo
1023 2063 1149 2128 pauperie
1175 2062 1251 2112 Cristi
1279 2062 1384 2112 ‹lirnissa

837 2137 907 2181 secte
926 2132 1162 2202 θ1ῖ111111111111396.

803 2200 905 2249 Humor
921 2200 1082 2249 contrahitur
1097 2214 1114 2248 a
1130 2200 1219 2249 radice
1239 2201 1297 2250 182.

1079 2349 1104 2406 Ι.

801 2473 931 2522 1θ1111θ111θ
948 2478 1001 2522 tres
1018 2474 1129 2524 celestes
1147 2475 1206 2525 880.

801 2542 873 2606 ignis
891 2541 989 2590 invidie
1007 2542 1114 2591 fratnrm
1132 2557 1259 2592 accensus
1278 2544 1320 2593 42.

801 2610 857 2658 sine
874 2626 924 2659 -θ
941 2611 1009 2659 bono
1026 2611 1141 2660 caritatis
1158 2619 1220 2660 sunt
1236 2619 1310 2661 secte
1327 2614 1370 2660 41.

801 2678 956 2744 Ignoraucia
973 2685 1139 2743 patronorum
1158 2680 1225 2746 legis
1242 2679 1321 2730 Cristi
1338 2682 1381 2730 98.

800 2746 925 2812 Ignorare
943 2747 1021 2796 nichil
1033 2763 1082 2797 nec
1095 2749 1198 2798 mentiri
1210 2749 1297 2814 potuit
1308 2749 1382 2798 lesus

836 2815 933 2864 Cristus
951 2818 992 2865 68.

800 2884 919 2933 lllatores
935 2884 1087 2933 infructuosi
1106 2884 1147 2934 12.

802 2977 832 2987 -
852 2952 1009 3001 defraudant
1026 2953 1058 3002 de
1076 2953 1223 3018 ewangelio
1241 2956 1284 3004 28.

799 3019 928 3070 Illihcrtat
949 3021 1097 3070 anticristus
1123 3021 1261 3071 ecclesiam
1285 3022 1381 3073 callide

799 3157 908 3207 illicitus
926 3173 998 3207 amor
1015 3158 1196 3224 temporalium
1216 3159 1276 3209 102.

798 3226 889 3275 Illudit
927 3227 1086 3291 simplicibus
1124 3227 1205 3277 frater
1242 3228 1382 3293 spirituale

833 3294 984 3360 suffragium
1002 3295 1120 3345 vendens
1137 3297 1196 3346 333.

799 3379 845 3412 cur
863 3363 1021 3413 —ludanttu
1037 3379 1120 3430 regna
1137 3366 1195 3414 251.

797 3425 887 3481 Illu‘sio
909 3432 997 3481 iudicii
1019 3432 1052 3482 de
1074 3439 1162 3483 sancto
1180 3432 1286 3484 homine
1304 3450 1382 3501 repu-

832 3507 903 3550 tatur
920 3502 978 3550 411.

798 3569 885 3617 -111111
904 3568 946 3618 dei
963 3569 1132 3635 propinquior
1149 3569 1226 3619 ludus
1244 3572 1306 3622 334.

799 3638 905 3686 -iones
924 3638 1028 3702 dyaboli
1047 3639 1105 3688 534.

797 3706 919 3755 Illusores
937 3714 1008 3756 secte
1026 3708 1072 3769 683
1091 3708 1132 3757 89.

797 3774 897 3823 Imitari
915 3775 1040 3825 debemus
1057 3775 1135 3825 deum
1153 3775 1305 3841 specialiter
1320 3779 1383 3830 328.

797 3859 849 3892 non
868 3843 1005 3893 Imitantur
1021 3852 1092 3894 secte
1103 3860 1163 3894 suos
1173 3852 1300 3910 patronos
1320 3848 1384 3898 281.

799 3911 927 3960 -tandus
945 3912 1043 3962 Cristus
1062 3914 1118 3963 100.

796 3981 995 4030 Immaculatam
1026 3981 1111 4046 legem
1139 3980 1214 4031 Cristi
1246 3982 1384 4034 dimittere

770 4110 772 4179 i
796 4116 943 4166 Immediati
961 4117 1053 4167 fratres
1069 4118 1117 4168 sub
1135 4133 1205 4184 papa
1223 4120 1283 4170 103.

769 4194 772 4203 “
796 4186 938 4235 Immiscuit
950 4193 1025 4251 pater
1037 4186 1144 4251 laqueos
1156 4187 1325 4252 voluptatum
1340 4193 1384 4242 52.
