<?xml version="1.0" encoding="UTF-8"?>
<!DOCTYPE html PUBLIC "-//W3C//DTD XHTML 1.0 Transitional//EN"
    "http://www.w3.org/TR/xhtml1/DTD/xhtml1-transitional.dtd">
<html xmlns="http://www.w3.org/1999/xhtml" xml:lang="en" lang="en">
 <head>
  <title>
</title>
<meta http-equiv="Content-Type" content="text/html;charset=utf-8" />
  <meta name='ocr-system' content='tesseract 3.04.00' />
  <meta name='ocr-capabilities' content='ocr_page ocr_carea ocr_par ocr_line ocrx_word'/>
</head>
<body>
  <div class='ocr_page' id='page_1' title='image "./johnwiclifspole00wyclgoog_0347.png"; bbox 0 0 3082 5024; ppageno 0'>
   <div class='ocr_carea' id='block_1_1' title="bbox 168 481 1374 552">
    <p class='ocr_par' dir='ltr' id='par_1_1' title="bbox 168 481 1374 552">
     <span class='ocr_line' id='line_1_1' title="bbox 168 481 1374 552; baseline -0.008 -15"><span class='ocrx_word' id='word_1_1' title='bbox 168 491 229 548; x_wconf 76' lang='lat'>708</span> <span class='ocrx_word' id='word_1_2' title='bbox 572 484 764 533; x_wconf 77' lang='lat' dir='ltr'><strong><em>IOHANNIS</em></strong></span> <span class='ocrx_word' id='word_1_3' title='bbox 787 483 927 539; x_wconf 77' lang='lat' dir='ltr'>WICLIF,</span> <span class='ocrx_word' id='word_1_4' title='bbox 1226 481 1297 552; x_wconf 60' lang='lat' dir='ltr'>[sap.</span> <span class='ocrx_word' id='word_1_5' title='bbox 1320 485 1374 536; x_wconf 69' lang='lat'>711</span> 
     </span>
    </p>
   </div>
   <div class='ocr_carea' id='block_1_2' title="bbox 168 655 1372 1147">
    <p class='ocr_par' dir='ltr' id='par_1_2' title="bbox 168 655 1372 1147">
     <span class='ocr_line' id='line_1_2' title="bbox 168 655 1372 737; baseline 0.002 -19"><span class='ocrx_word' id='word_1_6' title='bbox 168 659 237 731; x_wconf 89' lang='lat' dir='ltr'>duo,</span> <span class='ocrx_word' id='word_1_7' title='bbox 261 657 333 737; x_wconf 88' lang='lat' dir='ltr'>quia</span> <span class='ocrx_word' id='word_1_8' title='bbox 355 656 482 716; x_wconf 89' lang='lat' dir='ltr'>dilecoio</span> <span class='ocrx_word' id='word_1_9' title='bbox 505 655 555 716; x_wconf 92' lang='lat' dir='ltr'>dei</span> <span class='ocrx_word' id='word_1_10' title='bbox 582 667 613 716; x_wconf 90' lang='lat' dir='ltr'>et</span> <span class='ocrx_word' id='word_1_11' title='bbox 634 656 778 735; x_wconf 85' lang='lat' dir='ltr'><strong>proximi:</strong></span> <span class='ocrx_word' id='word_1_12' title='bbox 811 656 843 714; x_wconf 92' lang='lat' dir='ltr'>in</span> <span class='ocrx_word' id='word_1_13' title='bbox 873 656 920 716; x_wconf 92' lang='lat' dir='ltr'>his</span> <span class='ocrx_word' id='word_1_14' title='bbox 951 657 1032 717; x_wconf 93' lang='lat' dir='ltr'>enim</span> <span class='ocrx_word' id='word_1_15' title='bbox 1064 657 1187 719; x_wconf 87' lang='lat' dir='ltr'>duobus</span> <span class='ocrx_word' id='word_1_16' title='bbox 1219 658 1372 720; x_wconf 72' lang='lat' dir='ltr'>mandav‘a</span> 
     </span>
     <span class='ocr_line' id='line_1_3' title="bbox 168 757 1371 837; baseline 0.001 -16"><span class='ocrx_word' id='word_1_17' title='bbox 168 761 310 821; x_wconf 89' lang='lat' dir='ltr'>universa</span> <span class='ocrx_word' id='word_1_18' title='bbox 340 760 391 820; x_wconf 83' lang='lat' dir='ltr'>lex</span> <span class='ocrx_word' id='word_1_19' title='bbox 423 758 536 837; x_wconf 79' lang='lat' dir='ltr'>pendet</span> <span class='ocrx_word' id='word_1_20' title='bbox 567 768 597 818; x_wconf 91' lang='lat' dir='ltr'>et</span> <span class='ocrx_word' id='word_1_21' title='bbox 627 760 787 837; x_wconf 88' lang='lat' dir='ltr'>prophete,</span> <span class='ocrx_word' id='word_1_22' title='bbox 829 768 864 819; x_wconf 93' lang='lat' dir='ltr'>ut</span> <span class='ocrx_word' id='word_1_23' title='bbox 894 759 983 819; x_wconf 90' lang='lat' dir='ltr'>docet</span> <span class='ocrx_word' id='word_1_24' title='bbox 1012 757 1131 821; x_wconf 85' lang='lat' dir='ltr'>Cristua</span> <span class='ocrx_word' id='word_1_25' title='bbox 1155 759 1276 822; x_wconf 87' lang='lat' dir='ltr'>Matth.</span> <span class='ocrx_word' id='word_1_26' title='bbox 1301 765 1371 823; x_wconf 73' lang='lat'>22¹.</span> 
     </span>
     <span class='ocr_line' id='line_1_4' title="bbox 168 858 1371 944; baseline 0.002 -21"><span class='ocrx_word' id='word_1_27' title='bbox 168 865 257 935; x_wconf 85' lang='lat' dir='ltr'>Nam,</span> <span class='ocrx_word' id='word_1_28' title='bbox 287 872 322 923; x_wconf 91' lang='lat' dir='ltr'>ut</span> <span class='ocrx_word' id='word_1_29' title='bbox 336 863 426 923; x_wconf 91' lang='lat' dir='ltr'>docet</span> <span class='ocrx_word' id='word_1_30' title='bbox 439 858 639 934; x_wconf 78' lang='lat' dir='ltr'>Averroes⁵&#39;¹,</span> <span class='ocrx_word' id='word_1_31' title='bbox 659 863 684 922; x_wconf 88' lang='lat' dir='ltr'>si</span> <span class='ocrx_word' id='word_1_32' title='bbox 698 861 793 922; x_wconf 86' lang='lat' dir='ltr'>frater</span> <span class='ocrx_word' id='word_1_33' title='bbox 808 863 994 940; x_wconf 84' lang='lat' dir='ltr'>cognoverit,</span> <span class='ocrx_word' id='word_1_34' title='bbox 1011 871 1108 923; x_wconf 89' lang='lat' dir='ltr'>totum</span> <span class='ocrx_word' id='word_1_35' title='bbox 1124 873 1173 924; x_wconf 88' lang='lat' dir='ltr'>est</span> <span class='ocrx_word' id='word_1_36' title='bbox 1187 885 1248 926; x_wconf 90' lang='lat' dir='ltr'>sue</span> <span class='ocrx_word' id='word_1_37' title='bbox 1262 875 1371 944; x_wconf 78' lang='lat' dir='ltr'>partes,</span> 
     </span>
     <span class='ocr_line' id='line_1_5' title="bbox 168 963 1372 1045; baseline 0.003 -20"><span class='ocrx_word' id='word_1_38' title='bbox 168 987 206 1025; x_wconf 88' lang='lat' dir='ltr'>ex</span> <span class='ocrx_word' id='word_1_39' title='bbox 230 987 288 1045; x_wconf 93' lang='lat' dir='ltr'>quo</span> <span class='ocrx_word' id='word_1_40' title='bbox 311 976 455 1026; x_wconf 88' lang='lat' dir='ltr'>secuntur</span> <span class='ocrx_word' id='word_1_41' title='bbox 470 964 679 1025; x_wconf 80' lang='lat' dir='ltr'>conclusiones</span> <span class='ocrx_word' id='word_1_42' title='bbox 698 964 794 1024; x_wconf 89' lang='lat' dir='ltr'>multe</span> <span class='ocrx_word' id='word_1_43' title='bbox 809 963 867 1025; x_wconf 94' lang='lat' dir='ltr'>sibi</span> <span class='ocrx_word' id='word_1_44' title='bbox 887 965 1049 1043; x_wconf 81' lang='lat' dir='ltr'>incognite,</span> <span class='ocrx_word' id='word_1_45' title='bbox 1073 966 1150 1027; x_wconf 87' lang='lat' dir='ltr'>licet</span> <span class='ocrx_word' id='word_1_46' title='bbox 1171 965 1203 1026; x_wconf 89' lang='lat' dir='ltr'>in</span> <span class='ocrx_word' id='word_1_47' title='bbox 1229 988 1289 1028; x_wconf 91' lang='lat' dir='ltr'>sua</span> <span class='ocrx_word' id='word_1_48' title='bbox 1311 982 1372 1029; x_wconf 80' lang='lat' dir='ltr'>arte</span> 
     </span>
     <span class='ocr_line' id='line_1_6' title="bbox 169 1068 815 1147; baseline 0 -21"><span class='ocrx_word' id='word_1_49' title='bbox 169 1068 390 1147; x_wconf 84' lang='lat' dir='ltr'>nigromantica</span> <span class='ocrx_word' id='word_1_50' title='bbox 412 1089 473 1128; x_wconf 92' lang='lat' dir='ltr'>uon</span> <span class='ocrx_word' id='word_1_51' title='bbox 495 1068 610 1128; x_wconf 87' lang='lat' dir='ltr'>fuerint</span> <span class='ocrx_word' id='word_1_52' title='bbox 631 1076 815 1146; x_wconf 85' lang='lat' dir='ltr'>expressate.</span> 
     </span>
    </p>
   </div>
   <div class='ocr_carea' id='block_1_3' title="bbox 676 1307 858 1368">
    <p class='ocr_par' dir='ltr' id='par_1_3' title="bbox 676 1307 858 1368">
     <span class='ocr_line' id='line_1_7' title="bbox 676 1307 858 1368; baseline 0.011 -2"><span class='ocrx_word' id='word_1_53' title='bbox 676 1307 762 1367; x_wconf 77' lang='lat' dir='ltr'><strong><em>OAP.</em></strong></span> <span class='ocrx_word' id='word_1_54' title='bbox 793 1308 858 1368; x_wconf 86' lang='lat' dir='ltr'><strong><em>VII.</em></strong></span> 
     </span>
    </p>
   </div>
   <div class='ocr_carea' id='block_1_4' title="bbox 167 1472 1402 3826">
    <p class='ocr_par' dir='ltr' id='par_1_4' title="bbox 168 1472 1402 1969">
     <span class='ocr_line' id='line_1_8' title="bbox 254 1472 1402 1559; baseline 0.005 -20"><span class='ocrx_word' id='word_1_55' title='bbox 254 1478 316 1539; x_wconf 84' lang='lat' dir='ltr'>Sed</span> <span class='ocrx_word' id='word_1_56' title='bbox 338 1479 432 1539; x_wconf 87' lang='lat' dir='ltr'>tercio</span> <span class='ocrx_word' id='word_1_57' title='bbox 454 1479 598 1550; x_wconf 89' lang='lat' dir='ltr'>instatur,</span> <span class='ocrx_word' id='word_1_58' title='bbox 630 1478 712 1559; x_wconf 89' lang='lat' dir='ltr'>quod</span> <span class='ocrx_word' id='word_1_59' title='bbox 734 1478 871 1541; x_wconf 88' lang='lat' dir='ltr'>membra</span> <span class='ocrx_word' id='word_1_60' title='bbox 902 1480 1058 1540; x_wconf 81' lang='lat' dir='ltr'>divisionis</span> <span class='ocrx_word' id='word_1_61' title='bbox 1080 1480 1275 1554; x_wconf 80' lang='lat' dir='ltr'>coincidunt,</span> <span class='ocrx_word' id='word_1_62' title='bbox 1304 1502 1371 1543; x_wconf 87' lang='lat' dir='ltr'>cum</span> <span class='ocrx_word' id='word_1_63' title='bbox 1397 1472 1402 1545; x_wconf 81' lang='grc' dir='ltr'>ι</span> 
     </span>
     <span class='ocr_line' id='line_1_9' title="bbox 168 1572 1402 1661; baseline 0.002 -18"><span class='ocrx_word' id='word_1_64' title='bbox 168 1582 335 1643; x_wconf 88' lang='lat' dir='ltr'>secundum</span> <span class='ocrx_word' id='word_1_65' title='bbox 357 1582 521 1642; x_wconf 84' lang='lat' dir='ltr'>fantasiam</span> <span class='ocrx_word' id='word_1_66' title='bbox 544 1602 645 1642; x_wconf 89' lang='lat' dir='ltr'>meam</span> <span class='ocrx_word' id='word_1_67' title='bbox 668 1581 771 1642; x_wconf 90' lang='lat' dir='ltr'>clerici</span> <span class='ocrx_word' id='word_1_68' title='bbox 793 1581 907 1643; x_wconf 88' lang='lat' dir='ltr'>debent</span> <span class='ocrx_word' id='word_1_69' title='bbox 929 1603 968 1643; x_wconf 85' lang='lat' dir='ltr'>ex</span> <span class='ocrx_word' id='word_1_70' title='bbox 990 1584 1058 1661; x_wconf 86' lang='lat' dir='ltr'>lego</span> <span class='ocrx_word' id='word_1_71' title='bbox 1074 1582 1190 1643; x_wconf 84' lang='lat' dir='ltr'>domini</span> <span class='ocrx_word' id='word_1_72' title='bbox 1214 1582 1372 1656; x_wconf 68' lang='lat' dir='ltr'>laborum</span> <span class='ocrx_word' id='word_1_73' title='bbox 1395 1572 1402 1651; x_wconf 85' lang='lat' dir='ltr'>l</span> 
     </span>
     <span class='ocr_line' id='line_1_10' title="bbox 169 1684 1374 1764; baseline 0.002 -19"><span class='ocrx_word' id='word_1_74' title='bbox 169 1696 200 1745; x_wconf 91' lang='lat' dir='ltr'>et</span> <span class='ocrx_word' id='word_1_75' title='bbox 222 1704 276 1763; x_wconf 89' lang='lat' dir='ltr'>per</span> <span class='ocrx_word' id='word_1_76' title='bbox 304 1703 492 1762; x_wconf 90' lang='lat' dir='ltr'>consequens</span> <span class='ocrx_word' id='word_1_77' title='bbox 523 1693 592 1757; x_wconf 88' lang='lat' dir='ltr'>stat,</span> <span class='ocrx_word' id='word_1_78' title='bbox 625 1684 715 1744; x_wconf 90' lang='lat' dir='ltr'>simul</span> <span class='ocrx_word' id='word_1_79' title='bbox 746 1684 865 1764; x_wconf 87' lang='lat' dir='ltr'>aliquas</span> <span class='ocrx_word' id='word_1_80' title='bbox 892 1706 1038 1764; x_wconf 87' lang='lat' dir='ltr'>personas</span> <span class='ocrx_word' id='word_1_81' title='bbox 1060 1684 1189 1746; x_wconf 86' lang='lat' dir='ltr'>ecclesio</span> <span class='ocrx_word' id='word_1_82' title='bbox 1214 1707 1285 1748; x_wconf 84' lang='lat' dir='ltr'>esse</span> <span class='ocrx_word' id='word_1_83' title='bbox 1315 1686 1374 1748; x_wconf 84' lang='lat' dir='ltr'>cla·</span> 
     </span>
     <span class='ocr_line' id='line_1_11' title="bbox 168 1786 1372 1870; baseline 0.006 -25"><span class='ocrx_word' id='word_1_84' title='bbox 168 1789 246 1848; x_wconf 88' lang='lat' dir='ltr'>rioos</span> <span class='ocrx_word' id='word_1_85' title='bbox 269 1796 300 1847; x_wconf 88' lang='lat' dir='ltr'>et</span> <span class='ocrx_word' id='word_1_86' title='bbox 321 1787 433 1847; x_wconf 89' lang='lat' dir='ltr'>milites</span> <span class='ocrx_word' id='word_1_87' title='bbox 456 1807 492 1847; x_wconf 92' lang='lat' dir='ltr'>ac</span> <span class='ocrx_word' id='word_1_88' title='bbox 515 1787 612 1847; x_wconf 87' lang='lat' dir='ltr'>eciam</span> <span class='ocrx_word' id='word_1_89' title='bbox 635 1786 819 1848; x_wconf 88' lang='lat' dir='ltr'>laborantes.</span> <span class='ocrx_word' id='word_1_90' title='bbox 857 1786 973 1848; x_wconf 86' lang='lat' dir='ltr'>Paulus</span> <span class='ocrx_word' id='word_1_91' title='bbox 997 1788 1079 1849; x_wconf 90' lang='lat' dir='ltr'>enim</span> <span class='ocrx_word' id='word_1_92' title='bbox 1104 1787 1277 1868; x_wconf 88' lang='lat' dir='ltr'>solempnis</span> <span class='ocrx_word' id='word_1_93' title='bbox 1298 1790 1372 1870; x_wconf 80' lang='lat' dir='ltr'>epia·</span> 
     </span>
     <span class='ocr_line' id='line_1_12' title="bbox 169 1880 1402 1969; baseline -0.001 -19"><span class='ocrx_word' id='word_1_94' title='bbox 169 1911 262 1969; x_wconf 89' lang='lat' dir='ltr'>copus</span> <span class='ocrx_word' id='word_1_95' title='bbox 285 1890 347 1950; x_wconf 94' lang='lat' dir='ltr'>suis</span> <span class='ocrx_word' id='word_1_96' title='bbox 370 1888 510 1950; x_wconf 86' lang='lat' dir='ltr'>manibus</span> <span class='ocrx_word' id='word_1_97' title='bbox 533 1888 693 1963; x_wconf 90' lang='lat' dir='ltr'>laboravit,</span> <span class='ocrx_word' id='word_1_98' title='bbox 716 1900 752 1950; x_wconf 92' lang='lat' dir='ltr'>ut</span> <span class='ocrx_word' id='word_1_99' title='bbox 772 1899 859 1969; x_wconf 84' lang='lat' dir='ltr'>patet</span> <span class='ocrx_word' id='word_1_100' title='bbox 879 1889 950 1951; x_wconf 87' lang='lat' dir='ltr'>Act.</span> <span class='ocrx_word' id='word_1_101' title='bbox 973 1894 1040 1952; x_wconf 56' lang='lat'>20³²</span> <span class='ocrx_word' id='word_1_102' title='bbox 1379 1880 1402 1949; x_wconf 82' lang='lat' dir='ltr'>d</span> 
     </span>
    </p>

    <p class='ocr_par' dir='ltr' id='par_1_5' title="bbox 168 1991 1402 2485">
     <span class='ocr_line' id='line_1_13' title="bbox 255 1991 1374 2072; baseline 0.004 -20"><span class='ocrx_word' id='word_1_103' title='bbox 255 1991 317 2052; x_wconf 86' lang='lat' dir='ltr'>Sed</span> <span class='ocrx_word' id='word_1_104' title='bbox 332 1993 381 2052; x_wconf 89' lang='lat' dir='ltr'>hic</span> <span class='ocrx_word' id='word_1_105' title='bbox 397 1994 509 2053; x_wconf 90' lang='lat' dir='ltr'>dicitur</span> <span class='ocrx_word' id='word_1_106' title='bbox 528 1994 732 2067; x_wconf 89' lang='lat' dir='ltr'>concedendo,</span> <span class='ocrx_word' id='word_1_107' title='bbox 757 1994 838 2072; x_wconf 91' lang='lat' dir='ltr'>quod</span> <span class='ocrx_word' id='word_1_108' title='bbox 860 1992 997 2054; x_wconf 88' lang='lat' dir='ltr'>membra</span> <span class='ocrx_word' id='word_1_109' title='bbox 1012 1995 1071 2054; x_wconf 86' lang='lat' dir='ltr'>ista</span> <span class='ocrx_word' id='word_1_110' title='bbox 1086 1994 1277 2068; x_wconf 82' lang='lat' dir='ltr'>coincidunt,</span> <span class='ocrx_word' id='word_1_111' title='bbox 1300 1995 1374 2056; x_wconf 83' lang='lat' dir='ltr'>licet</span> 
     </span>
     <span class='ocr_line' id='line_1_14' title="bbox 169 2095 1402 2178; baseline 0.001 -24"><span class='ocrx_word' id='word_1_112' title='bbox 169 2096 306 2156; x_wconf 86' lang='lat' dir='ltr'>raciones</span> <span class='ocrx_word' id='word_1_113' title='bbox 340 2095 477 2156; x_wconf 88' lang='lat' dir='ltr'>habeant</span> <span class='ocrx_word' id='word_1_114' title='bbox 511 2096 734 2174; x_wconf 80' lang='lat' dir='ltr'>impermixtas3</span> <span class='ocrx_word' id='word_1_115' title='bbox 772 2097 841 2157; x_wconf 89' lang='lat' dir='ltr'>ideo</span> <span class='ocrx_word' id='word_1_116' title='bbox 873 2096 1072 2175; x_wconf 86' lang='lat' dir='ltr'>probabiliter</span> <span class='ocrx_word' id='word_1_117' title='bbox 1102 2096 1254 2170; x_wconf 87' lang='lat' dir='ltr'>creditur,</span> <span class='ocrx_word' id='word_1_118' title='bbox 1291 2095 1402 2178; x_wconf 85' lang='lat' dir='ltr'>quod.</span> 
     </span>
     <span class='ocr_line' id='line_1_15' title="bbox 169 2197 1369 2278; baseline 0.001 -21"><span class='ocrx_word' id='word_1_119' title='bbox 169 2219 282 2276; x_wconf 82' lang='lat' dir='ltr'>magna</span> <span class='ocrx_word' id='word_1_120' title='bbox 304 2219 375 2277; x_wconf 89' lang='lat' dir='ltr'>pars</span> <span class='ocrx_word' id='word_1_121' title='bbox 396 2198 526 2259; x_wconf 86' lang='lat' dir='ltr'>fratrum</span> <span class='ocrx_word' id='word_1_122' title='bbox 549 2197 641 2258; x_wconf 85' lang='lat' dir='ltr'>debet</span> <span class='ocrx_word' id='word_1_123' title='bbox 663 2219 728 2259; x_wconf 90' lang='lat' dir='ltr'>esse</span> <span class='ocrx_word' id='word_1_124' title='bbox 750 2199 789 2259; x_wconf 90' lang='lat' dir='ltr'>de</span> <span class='ocrx_word' id='word_1_125' title='bbox 810 2200 906 2260; x_wconf 91' lang='lat' dir='ltr'>tercia</span> <span class='ocrx_word' id='word_1_126' title='bbox 928 2209 1015 2278; x_wconf 92' lang='lat' dir='ltr'>parte</span> <span class='ocrx_word' id='word_1_127' title='bbox 1031 2199 1160 2260; x_wconf 86' lang='lat' dir='ltr'>ecclesie</span> <span class='ocrx_word' id='word_1_128' title='bbox 1181 2199 1369 2261; x_wconf 82' lang='lat' dir='ltr'>laborantes.</span> 
     </span>
     <span class='ocr_line' id='line_1_16' title="bbox 169 2300 1369 2381; baseline 0.001 -20"><span class='ocrx_word' id='word_1_129' title='bbox 169 2300 249 2361; x_wconf 87' lang='lat' dir='ltr'>Nam</span> <span class='ocrx_word' id='word_1_130' title='bbox 272 2321 311 2361; x_wconf 85' lang='lat' dir='ltr'>ex</span> <span class='ocrx_word' id='word_1_131' title='bbox 333 2321 437 2361; x_wconf 91' lang='lat' dir='ltr'>eorum</span> <span class='ocrx_word' id='word_1_132' title='bbox 459 2310 636 2379; x_wconf 86' lang='lat' dir='ltr'>presumpta</span> <span class='ocrx_word' id='word_1_133' title='bbox 659 2301 793 2362; x_wconf 88' lang='lat' dir='ltr'>stulticia</span> <span class='ocrx_word' id='word_1_134' title='bbox 821 2312 867 2362; x_wconf 92' lang='lat' dir='ltr'>est</span> <span class='ocrx_word' id='word_1_135' title='bbox 888 2303 983 2363; x_wconf 87' lang='lat' dir='ltr'>tercia</span> <span class='ocrx_word' id='word_1_136' title='bbox 1006 2322 1077 2381; x_wconf 89' lang='lat' dir='ltr'>pars</span> <span class='ocrx_word' id='word_1_137' title='bbox 1099 2301 1232 2363; x_wconf 86' lang='lat' dir='ltr'>ecclesie</span> <span class='ocrx_word' id='word_1_138' title='bbox 1254 2303 1287 2363; x_wconf 93' lang='lat' dir='ltr'>in</span> <span class='ocrx_word' id='word_1_139' title='bbox 1308 2302 1369 2364; x_wconf 92' lang='lat' dir='ltr'>cul·</span> 
     </span>
     <span class='ocr_line' id='line_1_17' title="bbox 168 2403 1402 2485; baseline -0.002 -21"><span class='ocrx_word' id='word_1_140' title='bbox 168 2403 284 2464; x_wconf 88' lang='lat' dir='ltr'>toribus</span> <span class='ocrx_word' id='word_1_141' title='bbox 307 2412 337 2463; x_wconf 90' lang='lat' dir='ltr'>et</span> <span class='ocrx_word' id='word_1_142' title='bbox 358 2403 503 2482; x_wconf 87' lang='lat' dir='ltr'>operariis</span> <span class='ocrx_word' id='word_1_143' title='bbox 526 2403 684 2464; x_wconf 90' lang='lat' dir='ltr'>diminuta.</span> <span class='ocrx_word' id='word_1_144' title='bbox 1136 2425 1139 2433; x_wconf 95' lang='lat'>·</span> <span class='ocrx_word' id='word_1_145' title='bbox 1375 2412 1402 2485; x_wconf 74' lang='lat'>¹⁸.</span> 
     </span>
    </p>

    <p class='ocr_par' dir='ltr' id='par_1_6' title="bbox 167 2506 1402 3826">
     <span class='ocr_line' id='line_1_18' title="bbox 253 2506 1366 2588; baseline 0.004 -23"><span class='ocrx_word' id='word_1_146' title='bbox 253 2506 296 2566; x_wconf 86' lang='lat' dir='ltr'>Et</span> <span class='ocrx_word' id='word_1_147' title='bbox 318 2508 343 2567; x_wconf 93' lang='lat' dir='ltr'>si</span> <span class='ocrx_word' id='word_1_148' title='bbox 365 2506 503 2579; x_wconf 91' lang='lat' dir='ltr'>obicitur,</span> <span class='ocrx_word' id='word_1_149' title='bbox 536 2508 617 2587; x_wconf 92' lang='lat' dir='ltr'>quod</span> <span class='ocrx_word' id='word_1_150' title='bbox 640 2507 747 2567; x_wconf 90' lang='lat' dir='ltr'>eadem</span> <span class='ocrx_word' id='word_1_151' title='bbox 768 2517 814 2568; x_wconf 88' lang='lat' dir='ltr'>est</span> <span class='ocrx_word' id='word_1_152' title='bbox 833 2506 967 2568; x_wconf 89' lang='lat' dir='ltr'>obieccio</span> <span class='ocrx_word' id='word_1_153' title='bbox 991 2517 1099 2568; x_wconf 87' lang='lat' dir='ltr'>contra</span> <span class='ocrx_word' id='word_1_154' title='bbox 1118 2508 1303 2588; x_wconf 89' lang='lat' dir='ltr'>meipsum,</span> <span class='ocrx_word' id='word_1_155' title='bbox 1326 2508 1366 2569; x_wconf 90' lang='lat' dir='ltr'>di·</span> 
     </span>
     <span class='ocr_line' id='line_1_19' title="bbox 168 2609 1364 2690; baseline 0 -20"><span class='ocrx_word' id='word_1_156' title='bbox 168 2610 255 2681; x_wconf 89' lang='lat' dir='ltr'>citur,</span> <span class='ocrx_word' id='word_1_157' title='bbox 279 2610 360 2689; x_wconf 93' lang='lat' dir='ltr'>quod</span> <span class='ocrx_word' id='word_1_158' title='bbox 383 2631 422 2669; x_wconf 85' lang='lat' dir='ltr'>ex</span> <span class='ocrx_word' id='word_1_159' title='bbox 445 2610 549 2688; x_wconf 81' lang='lat' dir='ltr'>gracia</span> <span class='ocrx_word' id='word_1_160' title='bbox 565 2610 621 2670; x_wconf 93' lang='lat' dir='ltr'>deo</span> <span class='ocrx_word' id='word_1_161' title='bbox 642 2610 721 2688; x_wconf 81' lang='lat' dir='ltr'>elegi</span> <span class='ocrx_word' id='word_1_162' title='bbox 743 2610 828 2670; x_wconf 91' lang='lat' dir='ltr'>illam</span> <span class='ocrx_word' id='word_1_163' title='bbox 851 2621 970 2690; x_wconf 89' lang='lat' dir='ltr'>partem</span> <span class='ocrx_word' id='word_1_164' title='bbox 993 2609 1135 2684; x_wconf 86' lang='lat' dir='ltr'>ecclesie,</span> <span class='ocrx_word' id='word_1_165' title='bbox 1159 2631 1253 2690; x_wconf 89' lang='lat' dir='ltr'>quam</span> <span class='ocrx_word' id='word_1_166' title='bbox 1275 2609 1364 2671; x_wconf 90' lang='lat' dir='ltr'>domi·</span> 
     </span>
     <span class='ocr_line' id='line_1_20' title="bbox 168 2711 1359 2791; baseline 0 -20"><span class='ocrx_word' id='word_1_167' title='bbox 168 2733 225 2772; x_wconf 90' lang='lat' dir='ltr'>nus</span> <span class='ocrx_word' id='word_1_168' title='bbox 248 2711 440 2791; x_wconf 89' lang='lat' dir='ltr'>approbavit,</span> <span class='ocrx_word' id='word_1_169' title='bbox 465 2722 496 2772; x_wconf 89' lang='lat' dir='ltr'>et</span> <span class='ocrx_word' id='word_1_170' title='bbox 518 2714 708 2774; x_wconf 86' lang='lat' dir='ltr'>voluntatem</span> <span class='ocrx_word' id='word_1_171' title='bbox 730 2713 829 2774; x_wconf 89' lang='lat' dir='ltr'>habeo</span> <span class='ocrx_word' id='word_1_172' title='bbox 844 2712 1006 2773; x_wconf 87' lang='lat' dir='ltr'>laborandi</span> <span class='ocrx_word' id='word_1_173' title='bbox 1020 2713 1052 2772; x_wconf 92' lang='lat' dir='ltr'>in</span> <span class='ocrx_word' id='word_1_174' title='bbox 1075 2712 1124 2773; x_wconf 93' lang='lat' dir='ltr'>dei</span> <span class='ocrx_word' id='word_1_175' title='bbox 1147 2713 1276 2775; x_wconf 87' lang='lat' dir='ltr'>servicio</span> <span class='ocrx_word' id='word_1_176' title='bbox 1297 2731 1359 2773; x_wconf 87' lang='lat' dir='ltr'>con·</span> 
     </span>
     <span class='ocr_line' id='line_1_21' title="bbox 168 2813 1355 2895; baseline 0 -22"><span class='ocrx_word' id='word_1_177' title='bbox 168 2815 305 2874; x_wconf 89' lang='lat' dir='ltr'>formiter</span> <span class='ocrx_word' id='word_1_178' title='bbox 327 2815 372 2874; x_wconf 94' lang='lat' dir='ltr'>illi</span> <span class='ocrx_word' id='word_1_179' title='bbox 387 2816 477 2895; x_wconf 87' lang='lat' dir='ltr'>parti.</span> <span class='ocrx_word' id='word_1_180' title='bbox 524 2814 586 2875; x_wconf 83' lang='lat' dir='ltr'>Sed</span> <span class='ocrx_word' id='word_1_181' title='bbox 613 2835 669 2876; x_wconf 87' lang='lat' dir='ltr'>nec</span> <span class='ocrx_word' id='word_1_182' title='bbox 695 2816 806 2876; x_wconf 86' lang='lat' dir='ltr'>fratres</span> <span class='ocrx_word' id='word_1_183' title='bbox 833 2816 934 2876; x_wconf 91' lang='lat' dir='ltr'>sciunt</span> <span class='ocrx_word' id='word_1_184' title='bbox 954 2815 1098 2888; x_wconf 89' lang='lat' dir='ltr'>fundare,</span> <span class='ocrx_word' id='word_1_185' title='bbox 1123 2816 1205 2895; x_wconf 93' lang='lat' dir='ltr'>quod</span> <span class='ocrx_word' id='word_1_186' title='bbox 1229 2837 1266 2876; x_wconf 86' lang='lat' dir='ltr'>ex</span> <span class='ocrx_word' id='word_1_187' title='bbox 1287 2813 1355 2875; x_wconf 86' lang='lat' dir='ltr'>ordi·</span> 
     </span>
     <span class='ocr_line' id='line_1_22' title="bbox 168 2917 1402 3015; baseline 0.005 -39"><span class='ocrx_word' id='word_1_188' title='bbox 168 2918 296 2977; x_wconf 89' lang='lat' dir='ltr'>nacione</span> <span class='ocrx_word' id='word_1_189' title='bbox 319 2918 432 2977; x_wconf 92' lang='lat' dir='ltr'>domini</span> <span class='ocrx_word' id='word_1_190' title='bbox 455 2917 568 2978; x_wconf 90' lang='lat' dir='ltr'>debent</span> <span class='ocrx_word' id='word_1_191' title='bbox 599 2938 664 2979; x_wconf 91' lang='lat' dir='ltr'>esse</span> <span class='ocrx_word' id='word_1_192' title='bbox 695 2928 798 2998; x_wconf 85' lang='lat' dir='ltr'>partes</span> <span class='ocrx_word' id='word_1_193' title='bbox 826 2918 953 2979; x_wconf 86' lang='lat' dir='ltr'>ecclesie</span> <span class='ocrx_word' id='word_1_194' title='bbox 981 2918 1156 2993; x_wconf 87' lang='lat' dir='ltr'>militantis,</span> <span class='ocrx_word' id='word_1_195' title='bbox 1188 2939 1245 2980; x_wconf 87' lang='lat' dir='ltr'>nec</span> <span class='ocrx_word' id='word_1_196' title='bbox 1265 2918 1359 2982; x_wconf 72' lang='lat' dir='ltr'>scint</span> <span class='ocrx_word' id='word_1_197' title='bbox 1370 2948 1402 3015; x_wconf 43' lang='grc' dir='ltr'>ᾗ</span> 
     </span>
     <span class='ocr_line' id='line_1_23' title="bbox 168 3019 1359 3100; baseline 0.003 -22"><span class='ocrx_word' id='word_1_198' title='bbox 168 3021 225 3080; x_wconf 91' lang='lat' dir='ltr'>nisi</span> <span class='ocrx_word' id='word_1_199' title='bbox 257 3041 312 3099; x_wconf 90' lang='lat' dir='ltr'>per</span> <span class='ocrx_word' id='word_1_200' title='bbox 341 3019 555 3100; x_wconf 90' lang='lat' dir='ltr'>blasphemum</span> <span class='ocrx_word' id='word_1_201' title='bbox 586 3021 780 3082; x_wconf 89' lang='lat' dir='ltr'>mendacium</span> <span class='ocrx_word' id='word_1_202' title='bbox 810 3022 953 3093; x_wconf 87' lang='lat' dir='ltr'>fundare,</span> <span class='ocrx_word' id='word_1_203' title='bbox 985 3021 1068 3100; x_wconf 91' lang='lat' dir='ltr'>quod</span> <span class='ocrx_word' id='word_1_204' title='bbox 1100 3021 1234 3082; x_wconf 89' lang='lat' dir='ltr'>debeant</span> <span class='ocrx_word' id='word_1_205' title='bbox 1261 3019 1359 3094; x_wconf 59' lang='lat' dir='ltr'>talias</span> 
     </span>
     <span class='ocr_line' id='line_1_24' title="bbox 168 3119 1402 3205; baseline 0.005 -23"><span class='ocrx_word' id='word_1_206' title='bbox 168 3122 351 3183; x_wconf 84' lang='lat' dir='ltr'>mendicare.</span> <span class='ocrx_word' id='word_1_207' title='bbox 388 3123 463 3183; x_wconf 86' lang='lat' dir='ltr'>ldeo</span> <span class='ocrx_word' id='word_1_208' title='bbox 485 3122 601 3185; x_wconf 90' lang='lat' dir='ltr'>habent</span> <span class='ocrx_word' id='word_1_209' title='bbox 622 3124 711 3185; x_wconf 90' lang='lat' dir='ltr'>nimis</span> <span class='ocrx_word' id='word_1_210' title='bbox 734 3123 835 3184; x_wconf 88' lang='lat' dir='ltr'>debile</span> <span class='ocrx_word' id='word_1_211' title='bbox 855 3124 1100 3186; x_wconf 88' lang='lat' dir='ltr'>fundamentum.</span> <span class='ocrx_word' id='word_1_212' title='bbox 1138 3123 1230 3186; x_wconf 89' lang='lat' dir='ltr'>Unde</span> <span class='ocrx_word' id='word_1_213' title='bbox 1248 3119 1354 3204; x_wconf 73' lang='lat' dir='ltr'>aliquid</span> <span class='ocrx_word' id='word_1_214' title='bbox 1398 3178 1402 3205; x_wconf 86' lang='lat'>,</span> 
     </span>
     <span class='ocr_line' id='line_1_25' title="bbox 168 3222 1395 3307; baseline 0.002 -23"><span class='ocrx_word' id='word_1_215' title='bbox 168 3224 286 3285; x_wconf 82' lang='lat' dir='ltr'>Cristus</span> <span class='ocrx_word' id='word_1_216' title='bbox 309 3226 412 3285; x_wconf 90' lang='lat' dir='ltr'>docuit</span> <span class='ocrx_word' id='word_1_217' title='bbox 434 3247 525 3305; x_wconf 88' lang='lat' dir='ltr'>opere</span> <span class='ocrx_word' id='word_1_218' title='bbox 548 3237 578 3287; x_wconf 91' lang='lat' dir='ltr'>et</span> <span class='ocrx_word' id='word_1_219' title='bbox 596 3248 734 3288; x_wconf 88' lang='lat' dir='ltr'>sermone</span> <span class='ocrx_word' id='word_1_220' title='bbox 757 3236 788 3288; x_wconf 88' lang='lat' dir='ltr'>et</span> <span class='ocrx_word' id='word_1_221' title='bbox 809 3227 924 3307; x_wconf 91' lang='lat' dir='ltr'>aliquid</span> <span class='ocrx_word' id='word_1_222' title='bbox 946 3227 1172 3300; x_wconf 87' lang='lat' dir='ltr'>taciturnitate;</span> <span class='ocrx_word' id='word_1_223' title='bbox 1200 3245 1279 3306; x_wconf 86' lang='lat' dir='ltr'>opere</span> <span class='ocrx_word' id='word_1_224' title='bbox 1295 3222 1347 3301; x_wconf 46' lang='lat' dir='ltr'>du</span> <span class='ocrx_word' id='word_1_225' title='bbox 1392 3228 1395 3233; x_wconf 79' lang='grc'><strong>’</strong></span> 
     </span>
     <span class='ocr_line' id='line_1_26' title="bbox 168 3326 1340 3410; baseline 0.003 -24"><span class='ocrx_word' id='word_1_226' title='bbox 168 3329 244 3401; x_wconf 86' lang='lat' dir='ltr'>cuit,</span> <span class='ocrx_word' id='word_1_227' title='bbox 277 3329 357 3407; x_wconf 89' lang='lat' dir='ltr'>quod</span> <span class='ocrx_word' id='word_1_228' title='bbox 385 3329 558 3390; x_wconf 87' lang='lat' dir='ltr'>sacerdotes</span> <span class='ocrx_word' id='word_1_229' title='bbox 580 3339 652 3389; x_wconf 85' lang='lat' dir='ltr'>sunt</span> <span class='ocrx_word' id='word_1_230' title='bbox 673 3330 797 3391; x_wconf 88' lang='lat' dir='ltr'>acucius</span> <span class='ocrx_word' id='word_1_231' title='bbox 824 3330 986 3408; x_wconf 84' lang='lat' dir='ltr'>arguendi,</span> <span class='ocrx_word' id='word_1_232' title='bbox 1018 3330 1142 3410; x_wconf 89' lang='lat' dir='ltr'>quando</span> <span class='ocrx_word' id='word_1_233' title='bbox 1168 3326 1293 3390; x_wconf 86' lang='lat' dir='ltr'>intrando</span> <span class='ocrx_word' id='word_1_234' title='bbox 1315 3341 1340 3405; x_wconf 71' lang='lat' dir='ltr'>i„</span> 
     </span>
     <span class='ocr_line' id='line_1_27' title="bbox 167 3428 1401 3513; baseline 0.001 -24"><span class='ocrx_word' id='word_1_235' title='bbox 167 3431 315 3509; x_wconf 88' lang='lat' dir='ltr'>templum</span> <span class='ocrx_word' id='word_1_236' title='bbox 348 3431 437 3491; x_wconf 86' lang='lat' dir='ltr'>eiecit</span> <span class='ocrx_word' id='word_1_237' title='bbox 467 3430 634 3491; x_wconf 80' lang='lat' dir='ltr'>vendentes</span> <span class='ocrx_word' id='word_1_238' title='bbox 665 3441 696 3491; x_wconf 90' lang='lat' dir='ltr'>et</span> <span class='ocrx_word' id='word_1_239' title='bbox 726 3441 860 3492; x_wconf 90' lang='lat' dir='ltr'>ementes</span> <span class='ocrx_word' id='word_1_240' title='bbox 895 3432 927 3491; x_wconf 95' lang='lat' dir='ltr'>in</span> <span class='ocrx_word' id='word_1_241' title='bbox 957 3431 1025 3505; x_wconf 93' lang='lat' dir='ltr'>illo,</span> <span class='ocrx_word' id='word_1_242' title='bbox 1057 3443 1094 3492; x_wconf 92' lang='lat' dir='ltr'>ut</span> <span class='ocrx_word' id='word_1_243' title='bbox 1122 3441 1207 3513; x_wconf 85' lang='lat' dir='ltr'>patet</span> <span class='ocrx_word' id='word_1_244' title='bbox 1229 3428 1291 3500; x_wconf 69' lang='lat' dir='ltr'>lob,</span> <span class='ocrx_word' id='word_1_245' title='bbox 1312 3442 1366 3507; x_wconf 72' lang='lat'>2⁸2⁸</span> <span class='ocrx_word' id='word_1_246' title='bbox 1398 3502 1401 3507; x_wconf 37' lang='grc'><strong>,</strong></span> 
     </span>
     <span class='ocr_line' id='line_1_28' title="bbox 168 3532 1402 3613; baseline 0.005 -21"><span class='ocrx_word' id='word_1_247' title='bbox 168 3543 198 3592; x_wconf 90' lang='lat' dir='ltr'>et</span> <span class='ocrx_word' id='word_1_248' title='bbox 220 3533 331 3593; x_wconf 86' lang='lat' dir='ltr'>Matth.</span> <span class='ocrx_word' id='word_1_249' title='bbox 357 3536 420 3591; x_wconf 76' lang='lat'><strong>21.⁶</strong></span> <span class='ocrx_word' id='word_1_250' title='bbox 464 3532 591 3613; x_wconf 88' lang='lat' dir='ltr'>Aliquid</span> <span class='ocrx_word' id='word_1_251' title='bbox 623 3543 725 3594; x_wconf 86' lang='lat' dir='ltr'>autem</span> <span class='ocrx_word' id='word_1_252' title='bbox 757 3534 861 3595; x_wconf 91' lang='lat' dir='ltr'>docuit</span> <span class='ocrx_word' id='word_1_253' title='bbox 890 3536 963 3596; x_wconf 84' lang='lat' dir='ltr'>viva</span> <span class='ocrx_word' id='word_1_254' title='bbox 994 3556 1085 3609; x_wconf 90' lang='lat' dir='ltr'>voce,</span> <span class='ocrx_word' id='word_1_255' title='bbox 1116 3536 1194 3597; x_wconf 88' lang='lat' dir='ltr'>siout</span> <span class='ocrx_word' id='word_1_256' title='bbox 1211 3549 1296 3612; x_wconf 63' lang='lat' dir='ltr'>patet</span> <span class='ocrx_word' id='word_1_257' title='bbox 1311 3568 1337 3608; x_wconf 62' lang='grc' dir='ltr'>ιχ</span> <span class='ocrx_word' id='word_1_258' title='bbox 1398 3604 1402 3612; x_wconf 31' lang='grc' dir='ltr'>ι</span> 
     </span>
     <span class='ocr_line' id='line_1_29' title="bbox 167 3636 1402 3718; baseline 0.002 -22"><span class='ocrx_word' id='word_1_259' title='bbox 167 3636 306 3696; x_wconf 90' lang='lat' dir='ltr'>doctrina</span> <span class='ocrx_word' id='word_1_260' title='bbox 338 3657 394 3696; x_wconf 92' lang='lat' dir='ltr'>sua</span> <span class='ocrx_word' id='word_1_261' title='bbox 416 3636 609 3715; x_wconf 79' lang='lat' dir='ltr'>euangelica,</span> <span class='ocrx_word' id='word_1_262' title='bbox 643 3658 735 3718; x_wconf 88' lang='lat' dir='ltr'>quam</span> <span class='ocrx_word' id='word_1_263' title='bbox 757 3637 915 3698; x_wconf 87' lang='lat' dir='ltr'>habemus.</span> <span class='ocrx_word' id='word_1_264' title='bbox 960 3637 1132 3699; x_wconf 87' lang='lat' dir='ltr'>Omissione</span> <span class='ocrx_word' id='word_1_265' title='bbox 1154 3656 1220 3698; x_wconf 86' lang='lat' dir='ltr'>vero</span> <span class='ocrx_word' id='word_1_266' title='bbox 1247 3647 1343 3715; x_wconf 53' lang='lat' dir='ltr'>Qut,</span> <span class='ocrx_word' id='word_1_267' title='bbox 1398 3671 1402 3690; x_wconf 62' lang='lat'>2</span> 
     </span>
     <span class='ocr_line' id='line_1_30' title="bbox 167 3738 1350 3826; baseline 0.006 -28"><span class='ocrx_word' id='word_1_268' title='bbox 167 3750 227 3799; x_wconf 91' lang='lat' dir='ltr'>tres</span> <span class='ocrx_word' id='word_1_269' title='bbox 250 3749 348 3799; x_wconf 86' lang='lat' dir='ltr'>sectas</span> <span class='ocrx_word' id='word_1_270' title='bbox 370 3738 595 3816; x_wconf 85' lang='lat' dir='ltr'>religiosorum,</span> <span class='ocrx_word' id='word_1_271' title='bbox 619 3760 678 3820; x_wconf 88' lang='lat' dir='ltr'>que</span> <span class='ocrx_word' id='word_1_272' title='bbox 706 3751 794 3801; x_wconf 87' lang='lat' dir='ltr'>erant</span> <span class='ocrx_word' id='word_1_273' title='bbox 815 3740 848 3800; x_wconf 92' lang='lat' dir='ltr'>in</span> <span class='ocrx_word' id='word_1_274' title='bbox 869 3760 924 3801; x_wconf 88' lang='lat' dir='ltr'>suo</span> <span class='ocrx_word' id='word_1_275' title='bbox 946 3750 1097 3821; x_wconf 89' lang='lat' dir='ltr'>tempore,</span> <span class='ocrx_word' id='word_1_276' title='bbox 1120 3748 1350 3826; x_wconf 54' lang='lat' dir='ltr'>cessatxmnt</span> 
     </span>
    </p>
   </div>
   <div class='ocr_carea' id='block_1_5' title="bbox 339 3892 1402 4165">
    <p class='ocr_par' dir='ltr' id='par_1_7' title="bbox 339 3892 1402 4165">
     <span class='ocr_line' id='line_1_31' title="bbox 380 3892 1402 4009; baseline -0.004 -35"><span class='ocrx_word' id='word_1_277' title='bbox 380 3931 399 3952; x_wconf 81' lang='lat'>&#39;¹¹</span> <span class='ocrx_word' id='word_1_278' title='bbox 418 3945 438 3976; x_wconf 81' lang='lat' dir='ltr'>a.</span> <span class='ocrx_word' id='word_1_279' title='bbox 453 3933 485 3977; x_wconf 64' lang='lat'>10</span> <span class='ocrx_word' id='word_1_280' title='bbox 564 3932 575 3954; x_wconf 86' lang='lat'>&#39;¹</span> <span class='ocrx_word' id='word_1_281' title='bbox 594 3945 631 3992; x_wconf 83' lang='lat' dir='ltr'>cp.</span> <span class='ocrx_word' id='word_1_282' title='bbox 644 3932 774 3990; x_wconf 72' lang='lat' dir='ltr'>Acerram,</span> <span class='ocrx_word' id='word_1_283' title='bbox 794 3929 921 3977; x_wconf 71' lang='lat' dir='ltr'>Commi.</span> <span class='ocrx_word' id='word_1_284' title='bbox 940 3929 966 3976; x_wconf 80' lang='lat' dir='ltr'>ia</span> <span class='ocrx_word' id='word_1_285' title='bbox 979 3928 1059 3976; x_wconf 65' lang='lat' dir='ltr'>Arici.</span> <span class='ocrx_word' id='word_1_286' title='bbox 1077 3926 1171 3991; x_wconf 78' lang='lat' dir='ltr'>op.,ed.</span> <span class='ocrx_word' id='word_1_287' title='bbox 1190 3926 1370 4009; x_wconf 44' lang='lat' dir='ltr'>Wwffistt.</span> <span class='ocrx_word' id='word_1_288' title='bbox 1399 3892 1402 3921; x_wconf 85' lang='lat'>:</span> 
     </span>
     <span class='ocr_line' id='line_1_32' title="bbox 339 4014 1128 4080; baseline 0.005 -20"><span class='ocrx_word' id='word_1_289' title='bbox 339 4014 466 4062; x_wconf 72' lang='lat' dir='ltr'>Commeat.</span> <span class='ocrx_word' id='word_1_290' title='bbox 485 4014 512 4060; x_wconf 74' lang='lat' dir='ltr'>fn</span> <span class='ocrx_word' id='word_1_291' title='bbox 529 4014 641 4077; x_wconf 80' lang='lat' dir='ltr'>Metapls.</span> <span class='ocrx_word' id='word_1_292' title='bbox 665 4014 726 4063; x_wconf 79' lang='lat' dir='ltr'>VII</span> <span class='ocrx_word' id='word_1_293' title='bbox 740 4031 795 4077; x_wconf 83' lang='lat' dir='ltr'>cap.</span> <span class='ocrx_word' id='word_1_294' title='bbox 815 4019 844 4072; x_wconf 85' lang='lat'>3,·</span> <span class='ocrx_word' id='word_1_295' title='bbox 862 4014 909 4063; x_wconf 83' lang='lat' dir='ltr'>ool.</span> <span class='ocrx_word' id='word_1_296' title='bbox 932 4014 1015 4069; x_wconf 79' lang='lat' dir='ltr'><strong><em>VIII,</em></strong></span> <span class='ocrx_word' id='word_1_297' title='bbox 1035 4017 1084 4064; x_wconf 71' lang='lat'>162</span> <span class='ocrx_word' id='word_1_298' title='bbox 1097 4014 1128 4080; x_wconf 74' lang='lat' dir='ltr'>ff.</span> 
     </span>
     <span class='ocr_line' id='line_1_33' title="bbox 381 4097 1047 4165; baseline 0.008 -20"><span class='ocrx_word' id='word_1_299' title='bbox 381 4099 456 4147; x_wconf 81' lang='lat' dir='ltr'><em>CAP.</em></span> <span class='ocrx_word' id='word_1_300' title='bbox 480 4098 544 4148; x_wconf 67' lang='lat' dir='ltr'><strong><em>VII.</em></strong></span> <span class='ocrx_word' id='word_1_301' title='bbox 579 4104 590 4126; x_wconf 82' lang='lat'>‘¹</span> <span class='ocrx_word' id='word_1_302' title='bbox 608 4118 628 4148; x_wconf 80' lang='lat' dir='ltr'>a.</span> <span class='ocrx_word' id='word_1_303' title='bbox 642 4106 674 4151; x_wconf 63' lang='lat'>31</span> <span class='ocrx_word' id='word_1_304' title='bbox 745 4097 794 4149; x_wconf 54' lang='grc' dir='ltr'>ῥυ.</span> <span class='ocrx_word' id='word_1_305' title='bbox 809 4105 839 4150; x_wconf 78' lang='grc'>15</span> <span class='ocrx_word' id='word_1_306' title='bbox 910 4099 1047 4165; x_wconf 51' lang='lat' dir='ltr'>“alffi-</span> 
     </span>
    </p>
   </div>
   <div class='ocr_carea' id='block_1_6' title="bbox 235 4248 456 4316">
    <p class='ocr_par' dir='ltr' id='par_1_8' title="bbox 235 4248 456 4316">
     <span class='ocr_line' id='line_1_34' title="bbox 235 4248 456 4316; baseline 0.009 -17"><span class='ocrx_word' id='word_1_307' title='bbox 235 4248 245 4277; x_wconf 82' lang='lat'>⁵</span> <span class='ocrx_word' id='word_1_308' title='bbox 263 4266 385 4316; x_wconf 74' lang='lat' dir='ltr'>averrcys</span> <span class='ocrx_word' id='word_1_309' title='bbox 398 4254 456 4302; x_wconf 80' lang='lat' dir='ltr'>MS.</span> 
     </span>
    </p>
   </div>
   <div class='ocr_carea' id='block_1_7' title="bbox 0 0 1546 5024">
    <p class='ocr_par' dir='ltr' id='par_1_9' title="bbox 0 0 1546 5024">
     <span class='ocr_line' id='line_1_35' title="bbox 0 0 1546 5024; baseline 0 0"><span class='ocrx_word' id='word_1_310' title='bbox 0 0 1546 5024; x_wconf 95' lang='lat' dir='ltr'> </span> 
     </span>
    </p>
   </div>
  </div>
 </body>
</html>
