3082 5024
256 433 317 493 826

255 599 390 665 Simplices
407 598 556 649 sacerdotes
572 615 625 649 non
637 607 731 665 gerunt
749 600 833 650 vicem

289 668 487 734 discipulorum,
510 668 560 716 nisi
582 668 609 717 in
625 667 758 734 {quantum
785 669 833 734 ipsi

289 743 350 787 sunt
367 736 487 802 discipuli
504 738 563 787 506.

257 833 289 842 -
300 806 328 855 16
345 805 456 855 ecclesia
471 804 631 855 seducuntur
649 820 664 855 a
681 806 758 856 sectis
770 821 833 872 qua·

289 881 348 925 tuor
365 875 424 924 394.

255 942 395 993 Simulacio
413 941 492 992 officii
508 942 535 990 in
547 941 626 991 Saulo
638 942 763 1007 probatur
775 943 832 993 112.

256 1038 288 1049 -
306 1011 451 1062 sanctitatis
469 1010 571 1060 odibilis
589 1018 628 1060 est
646 1011 696 1061 deo
713 1012 772 1061 410.

257 1108 288 1117 -
307 1080 373 1129 falsa
390 1079 536 1129 sanctitatis
552 1080 677 1144 ypocrisis
695 1087 734 1130 est
752 1082 810 1131 410.

257 1148 386 1199 Simulant
403 1148 540 1198 mendacia
557 1153 627 1198 secte
648 1149 704 1199 143.

258 1244 290 1255 -
309 1217 474 1267 sanctitatem
492 1216 550 1266 falsi
568 1216 693 1283 prophete
711 1219 770 1269 413.

257 1285 391 1352 sinagoga
408 1285 517 1335 sathane
536 1287 593 1336 353.

255 1370 358 1421 -goge
381 1355 497 1404 membra
523 1360 653 1405 sectamm
674 1354 784 1405 fundata
806 1355 833 1404 in

290 1422 427 1473 mendacio
447 1424 505 1474 353.

256 1491 362 1542 Sincera
380 1497 407 1542 et
423 1491 505 1541 libera
523 1498 595 1542 secta
613 1490 689 1542 011611
707 1492 748 1542 13.

256 1560 343 1611 -1166
361 1559 439 1610 116616
457 1559 570 1627 diligunt
587 1561 670 1610 sancti
689 1561 746 1612 125.

255 1629 396 1680 Sinceritas
414 1627 490 1678 Cristi
508 1628 627 1678 ordinum
646 1630 686 1679 61.

256 1696 366 1764 Singula
384 1696 508 1746 mandata
525 1697 644 1763 decalogi
663 1698 720 1747 118.

256 1765 388 1832 Singulari
411 1780 521 1831 persone
543 1765 576 1815 de
598 1764 682 1815 hostia
704 1782 756 1815 non
780 1781 833 1817 cre·

290 1833 407 1885 dandum
425 1835 483 1885 384.

256 1903 372 1954 Societas
394 1908 485 1952 sancta
506 1902 616 1953 collecta
638 1902 672 1953 ad
690 1903 833 1954 edificacio·

289 1987 353 2021 num
371 1970 482 2022 ecclesie
503 1973 560 2022 133.

256 2067 290 2078 -
308 2040 423 2090 fraterna
434 2046 526 2091 onerat
538 2040 661 2090 mulieres
673 2040 761 2092 multis
773 2057 832 2107 pec·

291 2109 356 2160 catis
374 2110 415 2158 44.

258 2178 328 2228 86611
344 2177 442 2227 domini
459 2177 594 2228 caritatem
611 2177 709 2228 habent
727 2180 768 2230 62.

257 2274 288 2283 -
306 2261 375 2312 pape
393 2246 544 2296 assistentes
562 2247 620 2296 681.
801 2309 803 2315 ¹

255 2314 367 2366 Sodome
384 2321 521 2380 peccatum
532 2314 698 2381 quadruplex
709 2315 832 2381 iniquitas

255 2452 300 2503 Sol
316 2451 418 2502 iusticie
436 2452 494 2502 848.

253 2548 285 2557 -
303 2517 436 2570 naturalis'
448 2520 571 2571 continue
591 2520 618 2570 iu
629 2520 766 2586 presencia
777 2520 831 2570 116-

287 2590 350 2640 16116
368 2591 426 2641 302.

254 2658 309 2707 -16
327 2658 428 2709 16611616
446 2657 562 2708 1111111616
580 2659 620 2709 11.

253 2726 381 2777 Solarium
399 2726 542 2792 temporale
559 2731 629 2777 secte
647 2726 830 2778 1366166143.

254 2795 344 2844 -6116
360 2802 486 2860 usurpata
502 2795 611 2845 fratrum
630 2797 686 2845 193.

253 2863 353 2914 86111166
364 2870 471 2913 centum
483 2864 593 2929 quilibet
603 2863 683 2914 frater
692 2863 724 2914 de
735 2863 831 2930 Anglia

288 2931 412 2997 expendit
429 2932 470 2981 28.

255 3016 361 3050 -orum
379 3006 485 3049 centum
504 3015 634 3066 expensus
654 3001 710 3050 193.

254 3068 393 3120 Sollicitari
411 3068 444 3117 de
462 3068 527 3132 loco,
545 3069 694 3134 quantitate
712 3068 831 3118 66161111·

288 3138 350 3188 ticin
369 3138 426 3188 148.

254 3206 363 3258 Solliciti
380 3211 441 3256 sunt
458 3204 562 3255 ordines
579 3205 648 3255 circa
664 3205 829 3256 1166616651.

256 3281 315 3326 -16
333 3290 407 3325 61616
424 3274 452 3323 16
469 3274 581 3324 61666116
600 3273 707 3323 basilica
719 3274 830 3324 1611666

288 3343 439 3394 abscondito
457 3344 515 3394 345.

254 3411 406 3464 Sollicitudo
423 3412 532 3462 fratrum
550 3412 577 3461 in
595 3410 674 3461 deum
692 3413 732 3462 51.

254 3509 288 3518 -
306 3481 440 3532 mundana
457 3486 587 3531 sectarum
605 3481 646 3531 15.

256 3578 288 3587 -
306 3551 434 3601 laboriosa
451 3550 560 3600 fratrum
578 3551 619 3600 39.

256 3620 380 3670 -tudine
398 3635 450 3669 non
468 3618 593 3669 deficiunt
609 3622 680 3668 secte
698 3618 739 3668 51.

257 3687 361 3739 8616616
379 3687 494 3738 86111666
512 3690 553 3739 68.

256 3783 288 3792 -
306 3757 421 3808 Sathane
439 3763 498 3821 post
514 3756 585 3807 mille
603 3771 685 3806 annos
702 3757 760 3806 391.

256 3855 287 3864 -
307 3826 456 3876 obiectunm
473 3824 600 3876 laicorum
619 3826 676 3875 116.

258 3921 290 3932 -
308 3894 427 3944 ordinum
445 3894 472 3942 in
489 3900 588 3945 sectam
605 3892 681 3945 011611
699 3895 756 3945 481.

256 3961 361 4013 8616166
379 3961 503 4013 sathanas
519 3978 582 4029 sepe
603 3963 630 4012 in
650 3963 733 4030 primo
750 3961 832 4012 mille·

291 4032 363 4082 nario
381 4032 440 4083 393.

257 4098 364 4150 8611616
395 4106 422 4148 61
450 4098 533 4165 ligare
562 4099 729 4150 conformiter
754 4099 833 4166 capiti

291 4168 400 4219 ecclesie
418 4168 475 4218 624.

689 428 867 478 GENERAL
885 428 1015 478 INDEX.

884 597 968 649 Solvit
979 598 1067 650 Iesum
1079 599 1123 666 qui
1135 614 1214 650 carisa
1232 606 1272 649 est
1289 613 1373 664 quare
1392 597 1466 648 lesus

920 672 946 716 et
964 667 1044 718 frater
1060 668 1087 717 in
1105 667 1187 718 Gristo
1205 667 1364 734 colligantur
1382 668 1425 718 64.

887 741 978 786 —etur
1003 736 1126 787 sathanas
1151 744 1211 802 post
1232 736 1303 787 mille
1325 750 1411 786 annos
1433 735 1467 787 de

918 820 966 854 suo
984 820 1089 856 carcere
1108 808 1166 857 395.

885 872 1050 939 Sompniacio
1067 890 1159 925 sensus
1176 874 1302 940 scripture
1322 873 1364 923 14.

885 941 1023 1007 Sophisma
1040 942 1226 993 monachorum
1245 944 1303 994 530.

887 1037 918 1046 -
937 1010 1042 1074 dyaboli
1060 1011 1172 1062 faciliter
1188 1011 1359 1077 impugnatur
1376 1012 1436 1062 325.

886 1106 918 1115 -
941 1080 1067 1130 anticristi
1094 1081 1197 1130 videtur
1222 1079 1369 1143 intendere,
1396 1078 1468 1146 quod

921 1165 973 1198 non
990 1154 1051 1198 sunt
1068 1164 1144 1215 reges
1162 1148 1205 1200 vel
1222 1148 1355 1199 seculares
1367 1148 1469 1199 domini

886 1284 1007 1351 Sophista
1023 1285 1142 1351 ypocrita
1160 1285 1265 1349 dyaboli
1283 1286 1341 1337 410.

887 1381 918 1390 -
937 1355 1009 1420 cupit
1026 1369 1152 1420 apparere
1170 1355 1274 1421 sapiens
1292 1356 1351 1405 410.

887 1422 968 1472 -1616
987 1423 1163 1473 substanciam
1184 1424 1341 1474 sacramenti
1365 1422 1468 1475 destru-

920 1506 964 1540 ere
982 1492 1102 1543 nituntur
1120 1493 1178 1542 622.

885 1558 1071 1626 Sophisticacio
1089 1559 1316 1626 indulgenciamm
1336 1562 1395 1612 143.

887 1654 918 1663 -
937 1628 965 1677 16
984 1629 1067 1679 tribus
1084 1629 1207 1680 funiculis
1225 1630 1283 1680 166.

886 1723 920 1733 -
939 1698 1066 1748 oracionis
1083 1703 1213 1748 sectarum
1232 1699 1290 1749 354.

886 1765 1064 1831 Sophisticalis
1081 1781 1150 1832 pape
1167 1767 1289 1832 potencia
1309 1767 1367 1818 166.

886 1834 1062 1899 Sophisticaut
1078 1836 1160 1885 verba
1177 1835 1220 1886 dei
1237 1835 1330 1886 fratres
1350 1837 1392 1886 56.

888 1909 978 1953 -atus
1000 1910 1040 1954 est
1060 1904 1188 1968 dyabolus
1210 1919 1259 1970 per
1275 1904 1388 1955 Cristnm
1407 1906 1465 1956 263.

887 1977 978 2021 -atus
996 1987 1086 2023 sensus
1106 1975 1163 2025 119.

885 2047 964 2090 -ata
985 2042 1117 2107 responsio
1136 2041 1321 2108 discipulorum
1339 2042 1465 2092 anticristi

886 2183 990 2227 —atam
1011 2178 1165 2245 religionem
1182 2184 1253 2229 secte
1272 2184 1299 2229 et
1316 2178 1410 2230 1161166
1427 2179 1464 2228 16-

919 2246 1059 2296 traducunt
1077 2249 1135 2298 335.

886 2340 918 2349 -
938 2316 1133 2381 responsionem
1150 2315 1258 2366 heretici
1275 2314 1350 2365 laicis
1360 2314 1463 2382 fingunt

885 2451 955 2501 -ati
973 2453 1063 2502 fovent
1080 2452 1245 2518 iniquitatem
1263 2452 1370 2517 dyaboli
1386 2453 1445 2504 263.

886 2548 918 2555 -
929 2521 1106 2586 predicatores
1118 2521 1209 2572 fideles
1221 2528 1392 2587 persecuntur
1402 2522 1460 2573 263.

884 2605 943 2639 6661
961 2588 1096 2639 Sororibus
1113 2590 1265 2657 conjugium
1285 2592 1343 2642 161.

884 2657 968 2708 de-
991 2657 1037 2707 filii
1059 2658 1143 2708 Adam
1161 2659 1286 2726 coniuges
1304 2664 1462 2726 acceperunt

919 2727 976 2777 161.

883 2793 970 2845 Sortes
987 2801 1098 2860 apparet
1114 2810 1172 2847 6666
1189 2795 1304 2862 sophista
1321 2796 1381 2847 411.

883 2863 1008 2929 Specialis
1031 2864 1201 2915 observancia
1218 2864 1407 2931 complexionis
1419 2865 1461 2929 jn-

917 2934 1092 2983 1666614611.

882 3026 916 3037 -
936 3001 1288 3068 66661666116111116619.

883 3095 916 3106 -
934 3069 1026 3121 domus
1044 3070 1404 3123 6661616666616616312.

883 3136 1036 3203 Specialiter
1060 3145 1132 3190 66616
1159 3141 1298 3191 6566116111
1324 3155 1400 3191 66616
1423 3156 1461 3191 re·

917 3207 1007 3273 gislam
1027 3209 1083 3258 181.

883 3274 989 3342 Species
1007 3277 1129 3328 1116630.

883 3372 916 3380 -
933 3345 1119 3411 specialissima
1136 3345 1254 3396 ordinum
1273 3347 1313 3397 25.

885 3428 995 3463 -suas
1021 3421 1091 3464 66616
1114 3415 1221 3480 capiunt
1243 3430 1259 3465 a
1280 3415 1374 3482 regula
1397 3420 1422 3466 et
1445 3429 1461 3465 a

917 3483 1032 3547 patronis
1049 3483 1107 3533 213.

884 3577 916 3585 -
934 3550 1043 3601 fratrum
1060 3552 1195 3602 auferatur
1212 3552 1245 3603 de
1263 3552 1375 3604 ecclesia
1393 3554 1432 3603 80.

884 3633 960 3670 -ern
977 3620 1083 3685 pietatis
1099 3619 1198 3671 habent
1214 3627 1285 3672 secte
1303 3623 1344 3673 43.

885 3687 953 3738 -161
987 3688 1212 3740 6111616616106.

883 3705 1109 3823 6666111166
1126 3757 1230 3809 ordines
1247 3760 1288 3809 36.

884 3824 1068 3890 Spectaculum
1086 3827 1166 3877 fallax
1183 3828 1290 3878 fratrum
1302 3826 1405 3878 seducit
1416 3844 1461 3894 po·

918 3893 1009 3960 pulum
1030 3895 1088 3946 254.

883 3963 911 4011 16
933 3961 1123 4028 Speculacione
1149 3965 1283 4032 quiescere
1300 3964 1386 4016 viator
1407 3980 1461 4015 666

922 4029 1076 4082 1161161214.

885 4099 996 4165 Sperare
1018 4099 1098 4152 debet
1113 4102 1198 4152 viarm
1214 4102 1323 4168 quilibet
1340 4100 1410 4168 quod
1427 4102 1462 4152 sit

920 4167 953 4219 de
970 4184 1079 4220 6616616
1096 4170 1280 4222 salvandorum
1298 4171 1355 4221 365.
