3082 5024
463 107 709 173 JOHANNIS
735 110 901 175 WICLIF

152 315 205 389 llll
228 319 449 393 DUOBUS
484 321 798 394 GENERIBUS
829 320 1236 395 HERETIOORUM.

672 560 714 611 De
732 559 834 611 duobus
851 560 991 626 generibus
1008 559 1189 611 hereticorum,

169 882 247 965 ,lDuo
270 896 347 948 sunt
367 907 481 966 genera
502 886 713 960 hereticorum,
726 883 729 967 J
741 888 779 948 dc
802 887 911 968 quibus
925 888 1004 949 foret
1017 887 1133 968 Anglia
1148 886 1198 970 cxl
1206 911 1275 970 pur·
1285 892 1294 942 l
1303 892 1434 984 ⁸5:2¹·ssss

12 994 21 1017 ³
106 984 192 1060 ganda
222 988 320 1051 Primi
343 998 416 1051 sunt
436 991 610 1071 symoniaci,
631 988 636 1072 Ι
656 991 707 1072 qui
729 998 801 1051 sunt
821 1011 925 1051 omnes
942 1011 1031 1071 pape,
1055 992 1198 1073 episcopi,
1223 1013 1274 1054 cu·
1358 975 1363 986 ¹

10 1114 17 1123 ·
101 1087 146 1148 nr·
170 1090 214 1152 vel
242 1091 450 1174 prebendarii,
482 1094 534 1174 qui
564 1102 717 1174 occupant
747 1094 921 1173 symoniace
943 1095 1158 1174 patrimonium
1181 1097 1275 1158 cruci·

97 1186 148 1252 trt
185 1193 317 1258 Secundi
349 1204 421 1257 sunt
449 1197 619 1277 apostatici,
651 1197 703 1278 qui
729 1205 800 1257 sunt
821 1218 924 1258 omnes
947 1197 1058 1271 clerici,
1090 1198 1144 1259 sed
1165 1199 1276 1278 prelati

70 1296 228 1378 ipreaipue,
251 1300 304 1380 qui
327 1299 504 1361 discredunt
525 1300 624 1361 medie
650 1301 730 1380 parti
751 1300 822 1388 fidei
850 1300 1008 1375 catholice,
1032 1322 1093 1382 qua
1116 1302 1275 1362 cristianus

35 1438 41 1447 ·
86 1398 183 1474 eredit,
212 1402 294 1483 quod
316 1400 436 1464 Oristus
456 1403 554 1465 viavit
573 1398 611 1464 in
631 1403 719 1464 terris
740 1404 907 1465 secundum
938 1404 1033 1464 vitam
1063 1425 1180 1466 summe
1201 1426 1275 1485 pau·

80 1509 201 1583 perem‘
228 1514 260 1567 et
289 1504 443 1586 penalem.
486 1505 525 1566 In
553 1506 610 1566 illa
639 1516 742 1568 autem
764 1508 829 1568 vita
850 1507 875 1568 si
897 1503 955 1568 sit¹
986 1508 1130 1581 fidelitas,
1163 1507 1276 1569 debent

75 1606 247 1689 quicunque
268 1608 406 1689 episcopi
426 1610 625 1691 propinquius
647 1611 731 1690 sequi
753 1608 895 1671 Crietunr.
940 1609 1018 1671 Cum
1045 1619 1148 1671 autem
1170 1631 1274 1671 omnes

71 1708 202 1773 heretici
230 1719 303 1773 sunt
332 1711 454 1793 leprosi,
486 1713 536 1793 qui
568 1712 681 1775 debent
702 1714 868 1774 secundum
892 1714 1091 1793 euangelium
1114 1713 1190 1775 Luc.
1216 1708 1273 1774 14ὁ

24 1826 154 1886 restare
177 1814 309 1896 alonge
330 1823 364 1876 st
376 1815 480 1876 vivere
501 1826 589 1877 extra
610 1825 719 1889 castra,
736 1823 748 1888 ΙΙ
764 1817 835 1897 quia
856 1816 1054 1896 nephandum
1076 1816 1163 1890 foret,
1186 1836 1295 1896 regern
1308 1837 1370 1888 ssa
1383 1836 1435 1878 rara

10 1906 14 1947 ἵ
66 1928 102 1980 et
131 1916 288 1980 seculares
318 1918 456 1980 dominos
486 1918 601 1980 habere
631 1920 708 1982 tales
735 1921 869 2001 leprosos
896 1920 1081 1981 consiliarios
1103 1921 1153 1981 vel
1176 1920 1273 1980 eisin

64 2020 124 2083 tali
146 2020 333 2102 duplicitate
348 2016 540 2095 consentire²,
563 2043 625 2083 non
640 2022 775 2097 dubium,
799 2024 873 2104 quin
887 2020 1053 2102 contingit³
1074 2043 1203 2102 regnum
1217 2043 1273 2103 per

61 2123 147 2187 221oe
180 2123 317 2205 leprosos
348 2123 534 2186 consiliarios
561 2126 761 2188 contaminari
782 2126 966 2206 generaliter
987 2134 1019 2188 et
1039 2125 1273 2207 perturbacione

60 2227 238 2292 seeundum
271 2228 365 2290 deum
387 2236 419 2289 et
440 2226 592 2291 hominem
612 2228 877 2291 irremediabiliter
897 2229 1017 2290 irretiri.
1061 2229 1104 2290 Et
1124 2229 1205 2291 idem
1228 2237 1275 2290 est

18 2332 216 2405 retudicium
239 2331 280 2394 de
303 2350 452 2393 consensu
473 2329 556 2406 cleri,
579 2332 644 2395 sive
664 2332 778 2394 fuerint
791 2333 926 2414 episcopi
947 2334 1011 2396 sive
1025 2332 1195 2414 presbyteri
1209 2332 1273 2393 sive

284 2505 299 2530 ⁰
319 2500 380 2551 Hir
394 2503 418 2552 ir
433 2504 474 2552 ae
488 2504 548 2553 view
565 2504 597 2568 of
609 2505 649 2553 ihc
666 2504 830 2553 Rauracum
847 2504 880 2568 os
893 2505 932 2553 tlte
948 2504 1048 2553 etricw
1064 2503 1215 2565 obremance,
1233 2519 1271 2566 φ.

240 2588 362 2646 Manu,
377 2587 437 2638 Lar.
456 2589 618 2656 Oirietianity
639 2589 704 2648 VII,
721 2594 810 2654 capo
880 2586 930 2639 ὃυ.
943 2594 974 2641 21
988 2590 1019 2656 ff

127 2746 140 2776 ¹
158 2746 183 2796 si
200 2760 241 2796 as.
259 2743 297 2795 rit
311 2742 386 2805 (ric)
401 2743 455 2792 cod.
528 2739 540 2771 ¹
557 2743 659 2794 between
676 2743 828 2811 duplicitate
845 2745 896 2793 and
913 2743 1059 2794 consentire
1076 2745 1117 2794 the
1131 2742 1211 2792 ecrite
1227 2743 1273 2792 Ιιαε

47 2836 101 2901 lest
118 2852 139 2883 a
157 2831 242 2881 Ναὶ
257 2844 351 2895 opace,-
369 2826 391 2877 I
404 2828 499 2887 believe
509 2831 540 2879 Ire
550 2830 624 2880 could
639 2835 683 2881 not
699 2832 762 2880 read
779 2829 930 2897 duplicitate
947 2832 974 2879 in
984 2831 1023 2879 lie
1033 2829 1143 2893 oripieal
1153 2829 1204 2877 and
1216 2827 1271 2892 left,

45 2914 1043 2988 aepaeetuolaryofortkewordwlicliodtobeaddcdafterwardr
1113 2910 1270 2980 ⁸contingit

43 3026 78 3061 or
94 3004 243 3067 convenit,
261 3002 308 3053 uo
324 2998 492 3050 maon
508 3004 531 3052 ie
547 3007 590 3052 not
606 3003 676 3052 clear
