3082 5024
448 468 625 518 GENEBAL
644 468 773 518 INDEX.
1154 482 1216 542 755

148 639 239 689 divisio
258 656 319 689 num
337 639 497 690 insufficiens
514 642 571 692 705
640 640 758 690 Ecclesie
775 641 864 691 utilius
876 648 978 708 tempus
995 645 1144 710 expendere
1159 664 1216 713 poa

148 708 391 827 lidiirnripllllifmm
409 709 481 759 dem
497 725 587 760 secun
642 710 1217 851 -81111111811111111111111111101011111111111111111·

148 847 197 896 reio
216 848 273 896 133.
675 844 839 897 1111181225.

147 932 171 964 m
191 915 271 964 debet
287 930 314 964 se
326 921 408 964 totum
421 914 590 980 spiritualiter
642 915 790 965 —servire
809 917 866 967 193

148 1000 171 1033 re
189 984 249 1034 249.
642 1010 673 1018 -
693 983 813 1033 monachi
829 985 952 1050 prodesse
963 1003 1016 1036 non
1034 997 1141 1053 possunt
1159 992 1216 1042 132.

149 1052 277 1102 otollitur
288 1053 391 1102 racione
403 1052 517 1117 quadam
532 1034 673 1101 1311-
692 1058 789 1102 nocent
804 1054 961 1104 tradiciones
979 1063 1109 1107 sectarum
1126 1062 1167 1111 91.

148 1131 217 1171 ntum
235 1136 251 1169 a
265 1121 347 1171 Cristo
365 1121 511 1171 ordinatum
531 1122 616 1171 142.
613 1150 616 1181 ¹
643 1147 674 1153 -
693 1120 769 1170 homo
787 1122 909 1201 prodesse
928 1123 1007 1174 debet
1024 1127 1082 1177 214.

148 1206 205 1239 amn
223 1204 241 1239 a
257 1191 334 1239 sectis
356 1192 412 1240 196.
643 1190 796 1239 -onerosi
813 1191 905 1240 fratres
923 1193 964 1242 93.

148 1276 161 1308 s
179 1261 221 1308 89.
643 1284 674 1292 -
692 1265 762 1307 secte
779 1265 841 1309 sunt
857 1276 965 1311 onerose
983 1263 1041 1312 242.

148 1343 186 1376 ren
212 1327 388 1377 necessarium
413 1325 516 1393 fingunt
540 1326 588 1375 fra-
642 1352 674 1361 —
692 1327 740 1376 toti
756 1333 828 1377 secte
844 1335 905 1378 sunt
922 1331 1051 1381 contrarie
1069 1331 1126 1381 372.

642 1421 673 1430 -
693 1395 797 1460 quando
807 1396 904 1447 Cristus
916 1399 999 1464 magis
1002 1399 1146 1478 profliisset
1157 1402 1215 1450 267.

148 1432 200 1514 lum
223 1464 327 1514 cautela
349 1464 453 1528 dyaboli
476 1464 524 1514 scit
545 1464 589 1513 ab·
643 1490 674 1499 -
693 1463 768 1514 utilia
779 1463 877 1515 Cristus
895 1468 1040 1531 expressius
1058 1469 1218 1534 exemplavit

148 1549 170 1582 re
189 1536 230 1583 91.
614 1550 616 1559 ·
676 1532 734 1582 267.

148 1602 206 1652 acio
224 1617 272 1666 per
290 1601 400 1650 Cristum
421 1603 477 1650 100.
643 1627 675 1636 -
694 1608 791 1651 motum
810 1607 837 1652 et
853 1618 958 1652 sensum
976 1606 1092 1654 conferre
1111 1608 1169 1655 663.

148 1686 187 1720 ‚ue
205 1670 298 1719 fratres
315 1670 402 1719 hostes
423 1671 481 1720 574.
641 1669 786 1720 Ecclesiam
804 1669 902 1721 cristus
919 1674 1020 1724 munire
1038 1674 1195 1724 1011111472.

156 1746 184 1788 et
201 1740 257 1788 vita
274 1754 344 1804 papa
360 1740 418 1788 558.
644 1765 674 1774 -
694 1737 791 1789 Cristus
807 1740 944 1791 facilitavit
961 1743 1020 1793 262.

148 1809 190 1857 nis
207 1823 350 1872 expensum
370 1810 426 1857 193.
643 1833 674 1840 -
694 1806 770 1858 Cristi
786 1809 891 1873 presciti
907 1820 1079 1875 persecuntur
1096 1814 1153 1863 560.

148 1876 200 1926 ntis
218 1876 381 1926 commodum
401 1878 457 1925 149.
643 1901 675 1910 -
694 1875 771 1926 Gristi
788 1885 897 1927 onerant
914 1887 984 1929 secte
1005 1881 1046 1930 25.

148 1946 288 1994 tarmonia
308 1946 364 1995 145.
614 1908 617 2001 l
644 1944 1217 2015 -CristiPetmsnuncnoncoguosceret264.

147 2014 200 2063 ntis
218 2014 348 2078 profectus
367 2014 407 2062 79.
615 2018 617 2022 ’
643 2039 675 2048 -
693 2013 938 2078 ιιιιιιιίοιιιῶιιιΙοι
951 2025 1061 2066 onerant
1072 2024 1099 2067 et
1116 2026 1218 2067 contur-

159 2097 231 2148 papa
248 2083 424 2131 beatissimum
443 2083 500 2131 620.
615 2124 617 2139 ,
676 2081 740 2131 bant
758 2082 815 2132 674.

164 2166 214 2200 nec
233 2151 381 2200 anticristus
405 2166 454 2199 nec
471 2155 617 2199 creatura
615 2200 617 2211 ,
643 2150 843 2201 -anticristus
860 2152 934 2201 novis
947 2154 1093 2203 cerimoniis
1110 2153 1218 2204 difficul-

152 2225 240 2285 potest
256 2219 398 2285 infringere
417 2221 474 2268 399.
615 2220 617 2277 ζ
677 2225 716 2267 tat
732 2219 790 2268 262.

159 2288 303 2338 mediatum
322 2288 419 2337 Cristus
437 2293 476 2336 est
493 2289 534 2337 64.
615 2296 617 2309 ·
643 2286 801 2337 -Cristus
830 2288 918 2339 docuit
946 2289 1059 2354 qualiter
1086 2290 1218 2356 agendum

148 2364 264 2406 mentum
283 2364 323 2406 est
333 2362 408 2421 petra
419 2356 520 2406 iusticie
532 2358 617 2409 439.
678 2361 718 2405 est
733 2357 791 2405 266.

148 2426 257 2492 rangeli
275 2432 336 2474 sunt
326 2426 411 2475 1.658
645 2439 770 2473 —suam
782 2423 879 2474 Gustus
891 2440 969 2490 super
981 2426 1045 2476 alios
1057 2426 1148 2476 duem
1160 2428 1217 2478 266

153 2494 271 2543 membra
283 2493 391 2542 fundata
404 2500 464 2542 sunt
481 2494 508 2543 in
526 2493 591 2543 veri-
647 2517 676 2528 -
696 2498 819 2543 onustant
835 2499 906 2543 secte
925 2495 966 2544 90.

148 2565 618 2636 13.1
645 2586 677 2595 -
695 2567 777 2610 totam
794 2568 865 2611 secte
883 2561 1002 2612 dividunt
1019 2564 1077 2614 711.

148 2647 224 2680 non
246 2631 364 2695 sequitur
388 2630 519 2680 dominum
539 2630 618 2681 Cri·
617 2649 619 2781 p
646 2629 851 2679 ——militantem
867 2645 937 2696 papa
957 2633 1069 2682 maxime
1084 2634 1221 2698 perturbat

148 2785 159 2817 s
177 2768 266 2834 angeli
284 2774 311 2816 et
322 2767 438 2817 homines
455 2774 515 2816 sunt
533 2741 676 2817 6621-
695 2767 787 2816 fratres
808 2767 921 2833 spoliant
937 2768 1009 2817 falsis
1020 2769 1220 2820 eolleccionibus

171 2851 298 2886 enervare
329 2837 421 2885 fratres
452 2836 619 2902 sathagunt
680 2837 737 2885 393.

646 2930 678 2938 -
696 2904 797 2954 seducit
814 2904 943 2955 Sathanas
961 2906 1018 2956 393.

148 2973 207 3023 dam
228 2979 329 3039 partem
352 2973 443 3023 fratres
465 2973 593 3022 seducunt
618 3022 620 3043 Ι
645 2998 677 3008 -
697 2973 762 3023 deus
778 2980 854 3039 pater
870 2974 1037 3039 desponsavit
1055 2976 1112 3026 161.

647 3068 679 3077 —
697 3043 832 3107 perturbat
849 3058 918 3108 papa
936 3045 994 3093 596.

148 3112 161 3160 i
178 3111 247 3160 ultra
261 3109 372 3159 Cristum
386 3111 539 3160 seculariter
550 3110 594 3160 do·
618 3154 621 3191 ¹
646 3110 810 3175 —spoliant
826 3111 892 3161 false
911 3112 1081 3162 eollecciones
1100 3114 1157 3164 574.

148 3196 182 3228 ur
199 3181 258 3229 560.
647 3204 678 3213 -
697 3195 744 3244 per
761 3186 845 3229 sectas
863 3195 972 3230 onerare
986 3180 1165 3247 blasphemum
1183 3191 1223 3232 est

156 3249 223 3298 foret
241 3247 422 3296 inclaustracio
441 3248 498 3297 525.
618 3212 621 3288 1
681 3248 738 3297 192.

148 3333 213 3366 sex
230 3316 297 3365 deis
286 3331 418 3380 aprencra
429 3316 524 3380 produt
537 3317 593 3366 163.
618 3290 621 3353 1
646 3344 678 3351 -
696 3316 831 3380 perturbat
850 3332 920 3381 papa
937 3318 1149 3383 propterlncrum
1163 3321 1221 3371 697.

148 3402 161 3435 e
178 3401 227 3450 per
244 3385 339 3434 milites
357 3385 481 3434 minuitur
501 3385 558 3434 271
647 3385 810 3450 -pharisei
828 3392 987 3436 cenaverunt
1004 3387 1061 3437 258.

148 3470 210 3503 num
225 3453 362 3519 spirituale
383 3456 440 3504 196.
647 3479 679 3488 -
698 3459 827 3502 sectarum
845 3454 1011 3504 mendacium
1028 3454 1128 3505 seducit
1145 3457 1203 3505 264.

162 3522 313 3588 pacificacio
333 3524 389 3571 198.
647 3549 679 3556 -
710 3522 802 3570 fratres
832 3530 946 3588 gravant
978 3524 1033 3573 sine
1068 3525 1221 3573 auctoritate

148 3608 174 3640 re
192 3590 395 3640 consuetudines
413 3592 470 3641 262.
682 3589 758 3639 Oristi
778 3591 836 3640 481.
989 3644 992 3649 ,

148 3660 246 3709 siliaclo
269 3666 326 3724 post
349 3660 404 3708 eins
422 3658 594 3724 pollucionem
647 3659 791 3708 P-etrus
808 3675 861 3708 non
880 3658 986 3709 fovebat
1003 3661 1060 3710 609.

620 3746 622 3803 p
647 3727 723 3775 111-
743 3733 813 3777 secte
830 3743 883 3776 non
901 3727 998 3778 debent
1018 3728 1146 3778 introduci
1164 3730 1221 3778 601Ι

149 3797 259 3845 ilitatem
278 3795 388 3860 apostoli
405 3811 508 3861 semper·
524 3796 594 3845 labo·
647 3795 730 3844 ad-
749 3796 893 3861 regendum
906 3796 1004 3846 cristus
1021 3813 1080 3845 cum
1098 3797 1157 3862 lege
1175 3813 1221 3847 sua

163 3866 222 3914 241.
681 3864 778 3913 sufficit
794 3865 852 3915 257.

151 3935 261 3982 ilitatem
273 3933 366 3981 fratres
378 3949 429 3982 non
442 3940 525 3998 agunt
537 3934 594 3982 254.
647 3933 822 3983 Ecclesiamm
841 3932 1065 3998 appropriaciones
1084 3935 1221 3997 131;132;

148 4017 251 4067 mpnum
264 4002 366 4066 private
378 4001 526 4051 redundant
536 4003 594 4052 476.
684 4003 744 4064 195;
763 4003 821 4052 351.

150 4072 171 4121 si
189 4078 250 4120 sunt
268 4070 382 4134 episcopi
404 4086 450 4134 per
469 4086 596 4135 expensas
649 4097 681 4104 -
699 4070 906 4135 appropriatores
925 4071 982 4119 196.

650 4165 681 4173 -
700 4138 906 4204 appropriatores
924 4145 985 4188 suut
1002 4138 1090 4187 iniusti
1110 4139 1165 4189 133.

154 4214 251 4258 tectum
264 4207 366 4256 ordines
377 4207 526 4257 subintrant
537 4208 595 4258 228.
621 4220 623 4253 1
648 4233 680 4243 -
699 4223 761 4256 usus
769 4223 822 4256 non
831 4207 990 4272 generaliter
1000 4206 1147 4257 dimittendi
1164 4208 1221 4258 345.

956 4289 1008 4342 48·
