3082 5024
298 454 359 512 834

295 620 421 686 Temptur
436 636 505 687 papa
522 636 539 670 a
556 621 674 684 ‹lyaholis
691 622 748 671 611.

297 695 388 739 -tant
404 689 482 739 deum
499 690 674 756 ingredientes
691 695 775 739 sectas
794 691 851 738 141.

294 758 475 823 Temptatores
492 759 535 809 ‹lei
551 765 613 808 sunt
628 765 698 809 secte
717 760 774 808 141.

294 827 432 876 Tenuandi
447 835 508 877 sunt
525 827 639 878 redditus
656 828 714 878 219.

294 895 387 946 Tereia
408 912 468 961 pars
489 897 599 946 ecclesie
620 896 699 946 debet
719 912 736 944 a
752 896 868 961 partibus

328 966 503 1030 superioribus
519 965 628 1014 stabiliri
645 966 702 1015 242.

272 1058 273 1062 ¹
294 1059 328 1067 -
340 1049 399 1098 pars
410 1034 520 1083 ecclesie
532 1051 584 1083 non
596 1034 676 1083 debet
686 1034 795 1099 opprimi
807 1034 866 1083 242.

294 1128 327 1137 -
347 1109 373 1151 01
393 1103 509 1152 secunda
530 1111 602 1153 secta
618 1103 738 1153 laborant
754 1104 781 1151 in
798 1118 866 1152 com·

329 1172 401 1220 muni
418 1173 477 1221 241.

293 1239 456 1290 Terminacio
482 1241 585 1306 generis
610 1240 717 1290 humaui
738 1240 765 1288 in
788 1238 866 1289 finem

328 1309 448 1359 ultimum
466 1312 524 1360 208.

293 1376 444 1428 Terminare
460 1385 545 1428 sectas
562 1379 620 1429 241.

294 1446 366 1496 -ari
375 1454 477 1512 oportet
486 1448 650 1497 mendacium
659 1448 686 1497 in
695 1447 796 1497 inferno
809 1447 867 1497 352.

295 1543 327 1551 —
345 1516 424 1566 debet
440 1516 542 1566 dotacio
559 1525 688 1566 sectarum
706 1517 764 1566 249.

293 1583 408 1633 Termini
426 1585 568 1635 seducendi
584 1585 676 1634 fideles
694 1585 752 1635 621.

294 1679 325 1688 -
344 1653 405 1702 fidei
423 1654 481 1704 618.

292 1721 371 1771 Terre
383 1728 470 1787 partes
482 1722 585 1788 singule
596 1738 625 1772 00
636 1722 767 1788 reciproce
776 1721 869 1772 iuvant

292 1858 408 1908 Terrena
425 1866 465 1909 est
481 1860 615 1925 sapiencia
630 1859 722 1926 regule
740 1862 781 1910 50.

293 1945 377 1977 -000
395 1928 550 1979 affecciones
569 1929 625 1979 141.

294 2023 325 2032 -
343 2004 404 2047 sunt
421 2003 533 2063 quatuor
549 2005 619 2047 secte
637 1999 695 2048 395.

293 2081 435 2116 —enerum
447 2066 867 2132 intelleccionemcristianuspost-

325 2136 473 2200 00011125.

293 2231 324 2239 -
343 2219 415 2253 amor
431 2203 536 2253 illicitus
554 2205 612 2254 103.

291 2272 415 2322 Terrilica
431 2273 513 2322 verba
529 2271 562 2321 de
579 2272 729 2339 purgatorio
748 2272 805 2322 146.

291 2341 383 2391 ’100100
404 2358 450 2407 010
467 2342 625 2407 competenti
642 2341 728 2407 precio
746 2341 866 2392 conducti

293 2480 379 2529 —ium
408 2479 532 2529 falsorum
564 2479 747 2545 multiplicacio
776 2487 867 2530 centra

327 2549 438 2598 Cristum
456 2549 515 2598 352.

289 2618 317 2667 in
335 2617 450 2666 —stibus
472 2616 653 2666 catheclismns
670 2616 732 2666 fidei
749 2623 789 2668 est
806 2619 864 2668 251.

289 2686 477 2736 Testimonium
495 2685 589 2735 falsum
609 2686 665 2736 131.

289 2754 432 2820 Theologie
449 2755 564 2804 studium
582 2771 629 2820 per
641 2755 809 2804 ecclesiarum
822 2769 865 2819 ap-

325 2824 518 2889 propriaciones
535 2824 690 2873 diminutum
709 2824 767 2874 212.

289 2891 448 2957 Theolegice
466 2898 597 2941 armature
616 2895 673 2943 599.

289 2960 438 3026 Theologus
460 2961 545 3027 gignit
568 2961 678 3010 Cristum
700 2961 728 3009 in
745 2960 865 3010 cordibus

324 3028 441 3079 fidelium
460 3031 517 3079 164.

289 3098 436 3148 Thecsebia
453 3098 517 3163 quid
535 3104 575 3148 est
592 3099 650 3149 223.

289 3167 440 3217 Thesaurus
458 3167 563 3231 dyaboli
580 3169 623 3218 40.

291 3264 323 3272 -
342 3236 451 3286 fratrum
468 3236 565 3285 sufficit
581 3235 615 3285 ad
626 3235 748 3302 Angliam
766 3236 799 3286 de
817 3236 866 3286 fra-

325 3306 406 3355 tribus
425 3305 623 3370 expurgandam
642 3306 700 3355 253.

291 3375 451 3423 -fratrum
478 3390 617 3440 regnorum
639 3373 806 3423 subversivus
830 3382 869 3424 est

289 3513 423 3563 Timentes
441 3512 519 3561 deum
542 3526 558 3560 a
580 3511 702 3577 nequicia
720 3527 748 3561 00
766 3527 867 3562 conser-

324 3587 388 3631 vant
405 3583 464 3631 226.

289 3650 377 3700 Timor
395 3649 437 3700 dei
453 3650 591 3715 septimum
603 3648 700 3699 donum
712 3649 815 3714 spiritus
827 3656 868 3700 est

291 3816 323 3823 —
341 3787 468 3838 naturalis
485 3788 547 3853 quid
565 3803 617 3837 non
634 3787 668 3836 sit
685 3787 744 3837 226.
769 3811 770 3816 ’

294 3884 320 3892 -
341 3857 443 3906 servilis
460 3856 523 3921 quid
541 3857 575 3906 sit
591 3857 650 3906 226.

290 3952 322 3960 -
341 3925 469 3975 commodi
484 3940 553 3991 pape
570 3941 662 3991 pacem
675 3925 810 3990 perturbat
823 3927 863 3975 32.

291 3996 375 4044 —oris
393 3993 479 4043 filialis
494 4001 590 4044 natura
607 3993 761 4043 describitur
777 3995 836 4044 226.

291 4079 395 4112 —orem
413 4062 510 4112 domini
528 4064 605 4128 pauci
621 4062 754 4129 possident
771 4063 829 4113 226.

290 4130 323 4179 de
336 4147 413 4182 —ore
425 4130 498 4181 filiali
515 4132 619 4197 spiritus
636 4138 741 4181 sanctus
752 4131 866 4197 loquitur

728 449 906 499 GENERAL
924 448 1053 498 INDEX.

920 619 953 670 de
962 620 1065 670 Timore
1077 620 1174 670 domini
1186 621 1249 686 quid
1257 621 1421 687 Augustinus
1430 620 1499 671 dicat

919 758 1052 808 Toleravit
1069 773 1166 824 magna
1182 759 1291 808 crimina
1309 758 1410 808 Cristus
1427 761 1469 809 98.

920 827 992 877 -111
1013 827 1137 876 sathanas
1158 843 1211 876 non
1235 834 1274 876 tot
1290 842 1374 892 penas
1390 843 1425 877 ex
1443 845 1497 893 pro

954 895 1024 945 fectu
1043 896 1213 945 militancium
1232 898 1290 947 395.

918 963 1025 1013 Tollunt
1041 971 1112 1014 secte
1130 964 1247 1014 ordinem
1264 965 1326 1014 lesu
1343 964 1422 1015 cristi
1439 967 1480 1016 96.

917 1032 1036 1083 Tonsura
1054 1041 1081 1083 et
1097 1032 1201 1083 habitus
1218 1033 1327 1083 11011001
1344 1034 1372 1082 iu
1384 1034 1497 1084 mulieri-

951 1102 999 1151 bus
1017 1103 1058 1152 44.

916 1170 1014 1236 Topice
1031 1171 1167 1221 evidencie
1184 1179 1275 1221 contra
1291 1178 1377 1221 sectas
1396 1172 1454 1224 116.

917 1239 1086 1290 Tormentum
1108 1241 1191 1290 crucis
1207 1240 1326 1290 Andreas
1343 1241 1439 1306 petivit
1457 1244 1496 1291 69.

917 1308 1012 1358 Totum
1030 1317 1070 1359 est
1086 1315 1173 1375 partes
1190 1324 1237 1360 sue
1256 1311 1314 1360 108.

919 1403 951 1413 -
970 1393 1046 1427 omne
1065 1385 1105 1428 est
1121 1379 1205 1427 maius
1222 1393 1270 1427 sua
1287 1384 1362 1443 parte
1380 1382 1440 1429 659.

918 1473 952 1481 -
964 1447 1105 1511 premietur
1117 1454 1144 1496 et
1155 1447 1279 1513 puniatur
1289 1463 1336 1512 pro
1348 1454 1424 1512 parte
1438 1448 1495 1499 321.

918 1514 1044 1564 Toricum
1061 1517 1180 1565 innatum
1197 1523 1328 1566 sectamm
1345 1518 1404 1567 353.

917 1583 1037 1633 Tradicio
1056 1585 1164 1634 fratrum
1182 1591 1222 1635 est
1237 1585 1363 1650 ypocrisis
1381 1586 1440 1636 469.

919 1679 951 1688 -
969 1652 1078 1702 fratrum
1095 1653 1174 1703 nichil
1197 1653 1260 1704 iacit
1276 1653 1310 1702 ad
1328 1669 1420 1703 comm
1438 1671 1495 1704 san-

953 1722 1068 1772 ctitatem
1086 1724 1145 1772 469.

921 1817 951 1826 -
970 1790 1053 1840 libera
1070 1790 1163 1841 frivola
1180 1797 1207 1840 et
1221 1792 1365 1857 ypocritica
1381 1807 1398 1841 a
1413 1792 1495 1842 fratri-

953 1859 1001 1908 bus
1017 1860 1126 1909 iuventa
1143 1861 1185 1911 96.

920 1929 993 1977 —nis
1010 1928 1124 1979 humane
1141 1929 1314 1979 auctorizacic
1331 1931 1392 1981 348.

918 2025 950 2032 -
969 2011 1040 2062 aqua
1056 1997 1160 2047 turbida
1177 2005 1218 2049 001
1235 1999 1294 2048 213.

919 2093 951 2102 —
961 2065 1074 2115 humane
1084 2065 1199 2132 dogmati
1207 2073 1277 2117 secte
1286 2067 1428 2118 intendunt
1436 2069 1493 2119 210.

919 2161 950 2168 -
968 2134 1082 2184 humane
1098 2135 1202 2185 cautela
1221 2137 1278 2186 133.

919 2203 979 2251 -01
996 2203 1088 2254 frivole
1109 2203 1279 2255 tradicionem
1300 2205 1493 2271 preponderare

918 2356 999 2390 —nes
1010 2341 1128 2390 ordinum
1142 2341 1304 2391 declinantes
1313 2357 1330 2391 a
1339 2342 1422 2393 Crista
1434 2345 1492 2393 222.

918 2436 950 2444 -—
967 2410 1114 2476 impediunt
1128 2410 1251 2460 noticiam
1268 2411 1312 2460 dei
1329 2413 1389 2463 210.

916 2505 950 2514 -
967 2478 1081 2529 humane
1098 2485 1159 2529 sunt
1174 2480 1285 2530 01010100
1297 2479 1422 2547 dissipate
1434 2482 1493 2530 211.

918 2574 950 2583 -
968 2547 1059 2597 frivole
1076 2548 1241 2613 precavende
1257 2556 1319 2598 sunt
1336 2551 1395 2601 210.

919 2644 950 2651 -
977 2617 1163 2668 ceremoniales
1189 2633 1207 2667 a
1232 2617 1316 2667 011010
1347 2619 1496 2669 distrahunt

918 2781 949 2790 -
968 2754 1102 2804 hominum
1119 2754 1217 2804 debent
1234 2754 1300 2805 solvi
1317 2757 1379 2808 419.

917 2850 950 2858 -
968 2823 1154 2873 ceremoniales
1171 2839 1274 2874 cessare
1292 2824 1392 2875 debent
1409 2827 1467 2876 289.

918 2898 1097 2942 -sectarum
1119 2892 1197 2942 nichil
1219 2898 1266 2943 aut
1288 2894 1420 2944 modicum
1437 2912 1495 2960 prc-

950 2968 1012 3010 suut
1029 2961 1138 3011 ecclesie
1156 2963 1214 3012 298.

918 3057 949 3066 -
967 3029 1081 3080 humane
1099 3046 1152 3080 non
1169 3031 1265 3081 usitate
1284 3032 1343 3082 563.

918 3127 950 3135 -
968 3105 1097 3149 sectarum
1115 3105 1211 3149 nocent
1227 3099 1339 3150 00010010
1356 3103 1399 3152 91.

918 3195 950 3204 -
968 3167 1061 3218 frivole
1079 3167 1119 3217 91.

918 3263 950 3272 -
960 3236 1074 3287 humane
1082 3236 1262 3303 preeliguntur
1269 3252 1286 3287 a
1295 3239 1430 3289 monachis
1437 3241 1495 3291 131.

919 3334 947 3342 -
968 3321 1029 3355 suas
1045 3311 1116 3355 secte
1133 3305 1263 3355 dhnittere
1280 3306 1379 3358 debent
1399 3311 1454 3359 138.

919 3374 1104 3424 -sensibiles
1129 3381 1200 3424 secte
1225 3391 1287 3424 num
1315 3375 1415 3426 0110100
1441 3395 1495 3427 000

919 3443 1174 3562 fiiidiuifin.

918 3609 950 3619 -
968 3580 1102 3630 hominum
1117 3581 1183 3631 citra
1198 3579 1277 3631 iidem
1293 3583 1422 3649 scripture
1439 3584 1495 3634 Wi-

952 3649 998 3699 clif
1012 3650 1133 3700 subducit
1150 3652 1208 3701 256.

916 3745 950 3755 -
967 3718 1100 3769 hominum
1117 3718 1242 3770 extollere
1258 3719 1374 3770 solentes
1390 3721 1450 3772 284.

917 3815 949 3824 -
967 3786 1095 3837 humanas
1111 3787 1259 3854 relinquere
1278 3790 1336 3839 140.

917 3883 948 3893 -
967 3855 1081 3906 humane
1103 3856 1211 3907 deviant
1227 3871 1244 3906 a
1260 3857 1364 3908 iusticie
1381 3859 1495 3924 comple-

950 3930 1038 3975 mento
1057 3927 1113 3976 132.

917 3992 1072 4043 —humane
1085 3993 1242 4044 difficultaut
1250 3994 1284 4043 ad
1293 3996 1494 4046 observanciam

950 4062 1015 4129 legis
1033 4063 1076 4112 dei
1093 4065 1151 4114 140.

917 4147 1014 4181 -0010
1032 4132 1139 4181 fratrum
1157 4132 1329 4182 observancia
1347 4135 1405 4184 469.

917 4201 1027 4250 -nibus
1044 4201 1139 4267 proprii
1156 4200 1241 4249 clerus
1259 4201 1370 4251 imititur
1387 4204 1447 4253 504.
