3082 5024
264 448 325 504 816

263 611 417 664 Sacerdotes
442 612 540 663 debent
565 613 681 678 pluviam
707 614 840 680 sapiencie

297 683 393 748 populo
411 681 543 732 destillare
562 683 602 732 71.

263 778 295 787 -
323 751 424 817 antiqui
453 750 612 801 sufficientes
637 766 684 816 pro
711 751 839 816 spirituali

297 820 439 870 ministerio
457 821 498 870 28.

264 915 295 924 -
314 889 412 939 debent
428 888 532 954 plebem
550 888 583 937 ab
601 887 693 938 ardore
711 887 839 953 cupidinis

297 963 460 1008 terrenorum
478 963 615 1023 protegere
634 958 674 1007 71.

264 1053 296 1061 -
314 1043 368 1076 non
384 1026 501 1076 iudicare
518 1025 616 1075 debent
633 1026 776 1075 secundum
787 1031 838 1076 tra-

297 1094 426 1145 dicionem
443 1094 547 1144 civilem
565 1095 623 1146 563.

264 1189 295 1198 -
314 1163 347 1213 de
365 1164 455 1214 ordine
472 1163 615 1228 Hospitalis
633 1164 692 1213 269.

264 1232 444 1298 -simplices
470 1248 523 1281 non
541 1238 636 1298 gerunt
657 1232 742 1281 vicem
765 1231 839 1281 disci-

296 1301 425 1366 pulorum,
448 1301 498 1350 nisi
518 1301 545 1350 in
568 1307 694 1367 quantum
711 1301 761 1366 ipsi
778 1305 840 1351 sunt

297 1369 416 1436 discipuli
434 1370 492 1420 506.

262 1464 295 1472 -
313 1439 379 1488 Baal
396 1441 438 1490 29.

262 1532 295 1542 -
314 1508 443 1572 simplices
461 1507 559 1557 debent
575 1507 724 1572 permittere
736 1513 839 1556 curatos

297 1576 432 1627 inferiores
448 1575 599 1626 immediate
616 1575 692 1641 sequi
707 1591 768 1626 suos
786 1575 839 1641 epi·

296 1661 388 1709 scopos
406 1646 464 1696 506.

263 1739 295 1749 -
313 1719 374 1763 6661
391 1712 488 1778 populo
505 1712 589 1762 nubes
607 1714 648 1763 11.

264 1807 295 1816 --
313 1781 404 1831 fideles
421 1781 550 1831 honorant
566 1796 643 1848 reges
662 1780 719 1831 172.

263 1875 295 1884 -
313 1849 404 1900 fideles
415 1865 444 1901 se
456 1848 599 1900 excludunt
610 1865 642 1899 ex
651 1855 722 1899 statu
730 1849 839 1899 nimium
864 1912 866 1917 Ι

296 1919 471 1969 666666116616
488 1918 522 1968 ad
539 1918 719 1969 honorandum
739 1919 795 1969 172.

263 2013 295 2022 -
313 1988 413 2038 iaciunt
430 1988 463 2037 de
480 2004 527 2037 sno
544 1987 630 2037 officio
648 1987 728 2037 ociari
745 1989 786 2038 23.

265 2071 409 2106 -sensum
418 2057 608 2123 euangelicum
617 2056 741 2107 divinitus
749 2056 839 2106 datum

295 2125 469 2176 1165661311.

264 2220 295 2227 -
313 2209 442 2260 pauperes
459 2199 631 2259 persecuntur
647 2199 718 2244 secte
736 2194 794 2244 711.

266 2262 477 2313 -dominantes
498 2263 584 2313 Iesum
611 2269 728 2313 nostrum
751 2268 778 2312 et
794 2262 838 2312 do-

295 2332 395 2382 minum
412 2331 534 2383 occidunt
551 2333 610 2382 219.

265 2426 295 2435 -
313 2400 455 2451 insolentes
472 2402 530 2452 368.

263 2495 294 2502 -
312 2469 455 2519 insolentes
472 2469 538 2519 false
555 2473 704 2535 pugnantes
723 2469 781 2519 626.

267 2564 293 2573 -
312 2539 413 2605 antiqui
432 2539 472 2588 72.

263 2606 385 2657 -dotum
413 2613 440 2658 et
466 2607 645 2673 episcoporum
671 2605 838 2672 superioritas

261 2769 295 2780 -
313 2743 389 2794 Oristi
406 2744 525 2794 defectus
542 2745 600 2795 363.

262 2837 294 2848 -
312 2813 444 2878 superflua
461 2813 607 2863 dominacio
626 2814 683 2863 101.

262 2908 294 2917 -
313 2881 422 2931 61161661
440 2881 611 2931 ministerium
631 2884 687 2933 193.

262 2975 294 2986 -
313 2950 479 3000 conformitas
496 2966 555 3000 cum
572 2950 633 3016 lege
651 2949 728 3001 Cristi
746 2951 802 3001 101.

261 3044 295 3055 -
313 3033 404 3085 pugna
421 3018 561 3082 spiritualis
578 3020 637 3070 626.

262 3114 295 3124 -
313 3087 436 3137 vecordia
454 3087 512 3137 218.

262 3154 400 3206 —dotibus
422 3171 484 3205 num
506 3156 568 3206 licet
584 3157 719 3222 predicare
736 3157 792 3207 sine
809 3156 838 3206 li·

296 3225 387 3275 cencia
405 3225 518 3290 episcopi
536 3227 595 3277 405.

264 3293 360 3359 -qui
388 3293 416 3342 in
444 3293 504 3359 lege
528 3294 624 3344 domini
648 3293 749 3344 fundati
778 3298 840 3343 sunt

295 3378 407 3429 regnum
425 3362 543 3412 crederet
561 3365 619 3414 315.

263 3446 296 3480 ex
313 3431 497 3481 Sacerdotibus
514 3431 598 3481 clerus
618 3433 674 3482 100.

262 3500 382 3550 Saeracio
400 3499 601 3551 elemosinarum
620 3501 678 3550 198.

262 3569 460 3619 Sacramentum
477 3569 587 3633 primurn
603 3568 710 3634 suscipit
720 3568 840 3634 penitens

297 3638 380 3688 adeo
399 3644 426 3689 61
442 3637 586 3688 secundum
604 3651 621 3687 a
637 3637 772 3688 sacerdote
790 3637 839 3686 sub

298 3706 423 3757 1166510.

264 3799 296 3810 -·
314 3775 462 3841 penitencie
479 3775 655 3826 necessarium
673 3774 731 3824 622.

264 3844 379 3894 -166611
397 3844 546 3909 penitencie
564 3843 709 3895 destruccio
728 3843 786 3892 622.

267 3918 388 3962 -menta
410 3913 478 3962 sicut
499 3928 568 3978 papa
584 3913 701 3964 conferre
719 3910 840 3962 sacerdos

298 3981 409 4047 quilibet
425 3987 511 4046 potest
528 3982 586 4032 259.

264 4076 296 4084 -
315 4049 493 4100 ecclesiastica
509 4050 597 4100 omnia
607 4051 664 4100 sine
675 4063 745 4115 papa
755 4048 840 4114 perire

298 4119 390 4168 fratres
408 4118 573 4169 (1166111256.

265 4185 341 4237 Salus
359 4188 442 4237 tocius
460 4187 578 4250 ecclesie,
595 4187 623 4236 iri
641 4201 693 4252 quo
711 4185 839 4239 6161629.

702 441 880 492 onnam
898 442 1029 492 INDEX.

890 613 1028 664 Salutandi
1045 612 1157 678 pharisei
1174 630 1228 663 non
1245 621 1306 664 sunt
1326 615 1384 666 126.

891 682 1011 733 86116616
1028 682 1156 748 regularis
1173 685 1214 733 35.
1346 712 1347 715 =

892 751 1076 870 -oplqlqriipqm
1093 751 1120 800 in
1137 750 1230 802 habitu
1249 752 1360 802 11611616
1376 759 1473 805 mortu·

864 890 865 967 1
891 888 1113 968 ’111θᾶ6θῦ181ιὶ
1139 904 1191 969 nou
1217 888 1352 955 dependet
1378 906 1411 941 ex
1434 892 1473 941 in.

863 974 866 1073 q
925 958 1039 1008 flueucia
1056 964 1183 1007 anticristi
1201 960 1261 1008 257.

891 1026 925 1076 ad
948 1027 1085 1076 -cionem
1110 1025 1221 1077 hominis
1242 1026 1341 1078 Oiistus
1368 1027 1473 1095 indiget

924 1110 994 1161 papa
1012 1096 1071 1145 251.

863 1204 866 1219 .
890 1180 936 1230 616
965 1164 1074 1214 —cione
1101 1163 1197 1214 ordinis
1223 1165 1337 1216 maxime
1364 1171 1405 1217 661
1431 1182 1472 1217 66-

863 1235 866 1253 ’
926 1233 1035 1283 landum
1053 1233 1111 1282 227.

890 1301 1024 1351 Salvanda
1050 1316 1153 1367 semper
1178 1301 1267 1368 aliqua
1292 1317 1406 1369 persona
1432 1312 1473 1354 est

892 1439 970 1488 -ndi
995 1440 1100 1505 spiritus
1125 1447 1185 1506 post
1209 1446 1318 1491 mortem
1341 1440 1472 1491 feliciores

924 1510 1061 1559 6661143.

893 1577 979 1627 -vati
996 1593 1049 1626 nori
1065 1578 1209 1643 puniuntur
1224 1593 1271 1644 616
1282 1578 1399 1644 reprobis
1412 1579 1470 1629 321.

863 1687 865 1715 Ι
892 1672 924 1681 -
942 1651 1004 1695 6661
1020 1645 1097 1696 multi
1116 1648 1172 1697 123.

863 1723 865 1757 2
893 1740 923 1750 -
941 1714 1099 1780 participant
1114 1715 1213 1781 premio
1230 1730 1337 1766 suarum
1352 1716 1471 1781 parcium

863 1826 866 1851 Ι
893 1878 921 1887 -
950 1851 1048 1902 habent
1077 1852 1202 1918 gandium
1228 1851 1262 1903 de
1288 1853 1471 1919 punicionibns

864 1952 866 1999 ἱ
925 1920 1126 1986 dampnatorum
1144 1923 1202 1972 331.

892 2016 923 2024 -
942 1989 1059 2040 homines
1077 2006 1145 2039 unus
1162 1989 1239 2040 homo
1256 1997 1318 2040 sunt
1336 1991 1396 2042 328.

890 2064 969 2108 —et
991 2057 1125 2124 dampnati
1142 2063 1203 2109 sunt
1219 2075 1303 2109 unum
1321 2074 1407 2125 genus
1424 2059 1467 2109 bo·

924 2127 1024 2176 minum
1042 2128 1100 2178 321.

890 2194 1053 2246 Salvatorem
1071 2195 1284 2262 sumpsistis.

890 2265 987 2314 ——toris
1008 2264 1107 2330 regulis
1124 2271 1253 2316 sectarum
1270 2265 1363 2331 regule
1380 2263 1469 2331 pacili-

925 2334 1095 2383 cantur183.

890 2400 1001 2451 Sauacio
1019 2407 1149 2452 sectarum
1167 2403 1225 2453 353.

890 2497 923 2507 -
942 2471 1053 2521 ecclesie
1071 2472 1129 2521 352.

889 2538 923 2588 ad
941 2539 1076 2589 -cionem
1094 2539 1205 2590 ecclesie
1221 2538 1339 2590 medicus
1349 2539 1470 2605 spiritua·

923 2608 955 2657 lis
973 2608 1100 2658 niteretur
1118 2608 1176 2659 352.

889 2676 987 2726 Senatu
1005 2676 1156 2728 vulneracio
1167 2677 1194 2725 in
1206 2677 1370 2728 naturalibus
1382 2679 1471 2729 anime

889 2812 1012 2863 Sanccior
1026 2813 1099 2864 locus
1110 2813 1214 2863 videtur
1225 2814 1335 2880 expulso
1347 2814 1470 2880 66166666

890 2949 1070 3001 Sanctificacio
1087 2950 1189 3001 sabbati
1208 2951 1265 3000 113.

889 3019 1019 3069 Sanctitas
1038 3019 1115 3070 cristi
1132 3024 1160 3070 et
1176 3019 1352 3084 apostolorum
1370 3022 1413 3072 67.

890 3115 922 3124 -
941 3093 1108 3153 patronorum
1128 3089 1185 3138 116.

891 3184 923 3192 -
941 3155 1045 3206 habitus
1062 3163 1191 3207 sectarum
1211 3157 1268 3207 143.

891 3251 923 3261 -
942 3230 969 3274 61
986 3226 1124 3291 pauperies
1141 3232 1271 3275 sectamm
1290 3227 1331 3277 72.

891 3321 923 3329 —
942 3309 1049 3359 operum
1068 3294 1252 3344 1161166353.

863 3386 865 3397 ·
890 3389 923 3399 -
942 3363 975 3412 ab
992 3363 1137 3413 insensibili
1154 3362 1188 3412 ad
1200 3362 1323 3413 sensibile
1335 3362 1472 3414 ordinatim

891 3525 922 3534 -
935 3499 1048 3551 scienda
1060 3507 1087 3550 61
1098 3499 1276 3565 preminencia
1286 3506 1419 3550 sectarum
1429 3504 1470 3553 66.

864 3590 865 3597 ¹
891 3595 923 3602 -
941 3575 1106 3634 patronorum
1125 3569 1284 3633 privatorum
1302 3570 1344 3619 24.

891 3663 922 3672 -
942 3652 958 3686 6
975 3637 1024 3687 deo
1040 3637 1222 3704 originatnrin
1234 3637 1351 3688 animum
1361 3638 1472 3690 viatoris

863 3714 866 3849 i
891 3799 923 3809 —
936 3775 964 3824 in
976 3775 1033 3825 loco
1045 3780 1103 3839 post
1114 3774 1341 3825 consecracionem
1353 3776 1470 3843 episcopi

863 3854 866 3885 1
924 3859 977 3892 666
995 3849 1035 3894 661
1052 3842 1176 3893 derelicta
1193 3844 1251 3893 231.

864 3964 866 3975 ,
892 3911 1376 3978 -661166166111616166161616166661
1384 3921 1470 3965 sanct·

925 3996 969 4030 um
987 3982 1046 4032 261.

892 4049 985 4099 -16116
1002 4049 1137 4099 simulacio
1159 4049 1208 4099 deo
1230 4047 1334 4098 odibilis
1351 4057 1393 4101 est
1410 4052 1470 4103 410.

891 4118 1163 4237 —rtqqpsipqplertinens
1184 4124 1224 4168 est
1243 4117 1358 4183 pollucio
1380 4136 1471 4185 corpo-
