3082 5024
185 459 246 517 τοο
605 455 796 503 rensuum
820 454 959 512 wroarr,
1273 448 1343 520 [οφ.
1357 453 1394 505 11

271 627 415 689 Secunda
437 650 508 708 pars
530 630 611 690 scole
642 627 766 708 dyaboli
792 627 958 688 introducit
984 628 1097 688 mult-as
1119 627 1208 705 leges
1230 627 1389 689 abscondi·

185 743 241 804 tas,
265 732 327 810 legi
350 732 465 793 domini
488 742 702 812 repugnantes,
727 731 894 791 cuiusmodi
910 740 982 791 sunt
1001 732 1216 810 nigromancia
1239 742 1274 791 et
1295 730 1387 809 pbilo-

184 836 315 906 mancia,
340 856 415 914 quas
438 836 549 896 dicitur
570 836 661 896 hodie
683 856 748 895 esse
770 855 789 895 a
810 834 955 896 fratribus
976 835 1176 895 introductas.

271 954 314 1015 Et
335 956 446 1015 dicitur
467 956 676 1033 nigromancia
699 976 717 1015 a
740 956 854 1032 nigros,
879 956 959 1035 quod
982 964 1027 1015 est
1048 964 1219 1028 mortuum,
1251 966 1284 1016 et
1306 976 1384 1018 man·

185 1060 246 1129 cia,
271 1059 351 1138 quod
374 1069 421 1119 est
447 1059 591 1129 sciencia,
625 1060 696 1138 quia
718 1058 849 1119 sciencia
881 1059 919 1119 de
947 1060 1073 1120 mortuis
1096 1060 1257 1131 suscitata,
1288 1060 1407 1131 model¹

185 1184 244 1242 quo
267 1162 379 1221 <licitur
401 1162 508 1239 IReg.
527 1165 587 1220 28⁰
609 1162 763 1242 quandam
787 1162 986 1240 plritonissam
1010 1161 1096 1222 Sauli
1114 1163 1282 1223 suscitasse
1303 1163 1379 1242 spiri·
1405 1158 1407 1169 '

184 1275 249 1325 tum
273 1264 434 1325 Samuelis.
480 1265 544 1324 Nec
568 1264 708 1336 dubium,
730 1275 765 1325 ut
786 1265 876 1325 docet
898 1265 1103 1343 Augustinus,
1133 1266 1207 1345 quin
1234 1265 1374 1346 dyabolus

184 1369 234 1429 hic
257 1368 421 1447 respondit.
455 1368 497 1428 Et
518 1368 582 1445 ipsc
605 1378 651 1428 est
673 1369 788 1446 primus
811 1379 946 1428 mortuus
967 1369 1098 1447 spiritus.
1137 1369 1181 1430 Et
1203 1369 1274 1430 ideo
1295 1370 1370 1430 istan

185 1481 281 1532 artem
304 1472 558 1547 nigromanticum
580 1472 746 1532 secundum
770 1472 923 1551 quandam
950 1471 1171 1532 excellenciam
1193 1472 1305 1533 dicitur
1321 1470 1366 1532 sibi
1399 1448 1407 1465 ¹

185 1574 356 1635 vendicare.

270 1693 392 1754 Dicitur
414 1704 516 1754 autem
539 1695 747 1775 philomancia
762 1715 780 1755 a
795 1695 903 1775 philos,
928 1695 1009 1775 quod
1024 1703 1071 1754 est
1085 1714 1179 1768 amor,
1205 1705 1235 1756 et
1251 1694 1356 1766 marcia

185 1798 270 1877 quasi
294 1797 425 1857 sciencia
448 1818 582 1858 amorem
605 1799 740 1858 mulieris
755 1798 803 1858 vel
820 1799 875 1857 viri
891 1797 997 1858 illicite
1012 1799 1200 1878 acquirendi.
1237 1798 1276 1859 Et
1289 1800 1354 1858 istem

132 1952 133 1956 ,
185 1901 348 1960 scienciam
372 1901 483 1960 dicitur
505 1900 614 1962 fratres
637 1900 847 1979 multipliciter
868 1901 1046 1980 practizare.

271 2021 335 2080 Nec
359 2020 494 2093 dubium,
519 2023 590 2102 quin
614 2021 749 2102 quelibet
770 2021 840 2081 tulis
863 2042 911 2081 ars
938 2020 1102 2100 dyabolica
1124 2023 1263 2083 diminuit
1283 2023 1349 2081 rtaa

185 2123 268 2183 ribus
290 2124 433 2184 noticiam
458 2124 560 2185 (livine
583 2125 722 2197 sciencie,
746 2134 777 2186 et
799 2125 841 2185 sic
863 2133 964 2202 potest
986 2124 1047 2184 dici
1069 2126 1203 2186 sciencia
1225 2121 1348 2187 anticlea

184 2226 227 2285 Et
249 2227 328 2286 sicut
349 2226 500 2305 dyabolus
531 2237 577 2289 est
598 2228 694 2289 falsus
716 2229 804 2288 iuxta
834 2228 917 2288 diota
939 2229 969 2287 in
993 2228 1157 2307 principio,
1190 2231 1231 2290 sic
1256 2244 1348 2290 neceas

185 2338 238 2402 est,
262 2330 351 2389 istam
374 2329 566 2408 dyabolicam
590 2332 752 2392 scienciam
776 2352 840 2392 esse
861 2330 981 2391 falsam.
1026 2331 1134 2392 Potest
1150 2341 1250 2392 autem
1264 2327 1348 2411 dyabo

184 2433 232 2492 lus
254 2433 346 2492 semel
371 2433 419 2493 vel
443 2433 629 2513 aliquociens
652 2434 752 2494 dicere
775 2433 837 2494 suis
859 2434 1015 2512 discipulis
1038 2434 1210 2507 veritatem,
1239 2445 1268 2494 ut
1286 2429 1348 2493 sedu·

185 2545 236 2596 cat
258 2557 308 2596 eos
331 2537 481 2615 copiosius
503 2537 696 2615 postmodum
719 2538 787 2616 plus
810 2538 927 2598 nocive.

271 2654 314 2714 Et
345 2657 538 2717 extendendo
568 2679 678 2718 nomen
711 2658 919 2733 nigromancie
950 2667 1051 2736 potest
1078 2658 1215 2739 quelibet
1235 2679 1278 2719 ars
1295 2653 1350 2715 false

186 2756 235 2817 vel
266 2778 326 2816 non
357 2758 488 2819 fundata
518 2760 549 2818 in
590 2761 659 2838 lege
699 2761 813 2821 domini
853 2781 901 2821 ars
941 2762 1166 2838 nigromantica
1201 2763 1274 2824 bene
1301 2753 1349 2819 did

186 2858 228 2919 Et
250 2859 293 2919 sic
315 2862 625 2940 pseudopredicantes
657 2862 706 2923 vel
729 2863 932 2941 practizantes
962 2864 993 2924 in
1025 2864 1094 2943 lege
1120 2867 1224 2946 papali
1249 2863 1291 2925 vel
1307 2856 1351 2920 alit

188 2960 256 3039 lege
278 2961 448 3036 hominum,
481 2964 512 3023 in
539 2965 607 3044 lege
630 2967 827 3026 domininon
850 2965 994 3039 fundata,
1024 2978 1152 3045 possunt
1173 2954 1350 3047 nigromantici

188 3084 259 3124 vere
282 3065 351 3137 dici,
376 3067 447 3145 quia
470 3089 574 3129 omnes
597 3068 641 3128 illi
661 3068 784 3129 discunt
805 3079 836 3130 et
857 3070 1029 3148 practizant
1049 3070 1150 3148 legem
1173 3082 1307 3132 mortuam
1322 3077 1349 3120 0¹

187 3167 333 3227 instinctu
356 3169 489 3248 dyaboli.
535 3170 578 3232 Et
599 3181 697 3251 patet,
730 3172 881 3252 quomodo
908 3171 996 3232 multi
1021 3173 1233 3252 nigromantici
1253 3181 1280 3233 et
1295 3161 1384 3228 aad&

188 3270 269 3329 cristi
293 3270 435 3350 discipuli
457 3275 580 3335 suntin
603 3275 727 3335 mundo.

16 3403 175 3454 {seusana
274 3390 336 3451 Sed
359 3391 446 3464 absit,
471 3393 637 3473 dyabolum
668 3404 699 3455 et
728 3393 866 3455 membra
888 3415 943 3455 sua
965 3396 1006 3455 ad
1021 3403 1034 3466 ΙΙ
1049 3404 1169 3457 tanturn
1192 3403 1285 3458 contra
1301 3383 1348 3448 ffi

188 3505 281 3567 stum,
314 3495 365 3574 qui
389 3505 434 3555 est
456 3517 545 3557 verus
568 3497 721 3571 dominus,
751 3497 924 3578 prevalere,
957 3499 1039 3579 quod
1060 3499 1157 3562 faciat
1178 3495 1299 3561 comburi
1315 3506 1349 3551 d?

189 3598 271 3658 dices
294 3598 333 3657 de
355 3598 423 3676 lege
445 3598 560 3659 domini
583 3601 683 3662 ethes
699 3610 779 3662 artes
795 3600 919 3680 dyaboli
935 3602 1119 3681 prepollerel
1149 3603 1268 3680 Lingua
1280 3593 1351 3665 enlm,

189 3701 252 3761 sive
274 3700 396 3773 hebrea,
421 3702 484 3762 sive
508 3723 608 3780 greca,
632 3704 696 3764 sive
718 3703 823 3777 latina,
847 3705 911 3766 sive
931 3705 1062 3783 anglica,
1087 3714 1133 3766 est
1154 3703 1233 3786 quasi
1251 3694 1383 3772 habim„

189 3803 264 3882 legis
287 3803 410 3863 domini.
455 3803 498 3864 Et
528 3826 582 3884 per
612 3827 823 3887 quemcunque
854 3808 947 3868 talem
974 3807 1114 3869 habitum
1142 3808 1201 3868 eius
1221 3792 1367 3884 sanatib

188 3907 286 3984 magis
310 3927 380 3966 vere
403 3908 595 3983 cognoscitur
617 3931 636 3969 a
658 3910 754 3983 lideli,
783 3912 847 3990 ipse
874 3921 920 3971 est
947 3910 1044 3971 codex
1068 3911 1137 3990 plus
1158 3899 1378 3998 racimwldllff

189 4009 404 4087 acceptandus.
449 4010 579 4088 Lingua
609 4012 690 4072 enim
721 4024 784 4074 tam
815 4015 845 4075 in
872 4016 923 4076 via
949 4035 1040 4094 quam
1067 4016 1166 4094 patria
1184 4031 1205 4070 a
1258 3996 1399 4109 wast*

406 4237 481 4284 car.
502 4236 543 4283 11.
578 4239 589 4260 ⁰
609 4237 651 4298 cp.
672 4234 774 4284 1san.
794 4239 834 4287 aa.
854 4237 885 4283 rs
897 4235 927 4300 p.
