3082 5024
177 435 238 493 766
609 427 787 477 (samaa
806 428 935 477 INDEX.

166 601 272 650 Fratres
289 598 386 649 debent
402 599 507 649 obedire
524 601 653 665 preceptis
674 615 741 666 pape
766 612 768 619 ’
793 599 898 649 Fratres
924 598 1029 648 admissi
1055 599 1089 648 ab
1116 598 1243 664 episcopis
1267 614 1295 664 pc

202 669 260 719 462.
828 667 973 718 ministrare
992 669 1050 718 612.

168 736 336 802 -precipui
360 738 520 786 sentenciam
547 752 615 803 pape
637 738 677 786 sni
698 753 742 803 ap·
795 763 827 772 —
846 742 873 785 et
891 735 937 785 filii
954 752 1083 802 paparum
1100 736 1220 802 inopere
1235 735 1295 801 prod

202 807 312 871 probant
329 813 356 855 et
372 804 526 855 eonfimrant
542 808 601 856 462.
830 805 992 854 collaborant
1010 807 1068 855 603.

168 900 200 910 -
219 875 356 924 manifeste
382 873 495 938 produnt
520 875 616 940 populo
639 874 743 925 hereses
796 900 829 909 -
847 880 937 922 contra
955 873 1033 923 fidem
1050 889 1125 939 spem
1142 879 1169 923 et
1180 873 1295 923 caritata

203 943 289 1009 regnis
307 943 478 993 destructivas
495 945 554 994 463.
768 924 770 1009 i
830 949 955 992 revertant
971 944 1029 993 594.

168 1011 362 1077 —proditores
392 1011 522 1062 falsissimi
551 1020 605 1062 tam
631 1013 744 1078 corporis
797 1038 828 1046 —
849 1011 967 1061 domibus
984 1011 1095 1060 visitatis
1113 1008 1295 1061 diseordiamc‘

202 1095 281 1147 qnam
298 1080 378 1129 animi
393 1082 451 1131 462.
831 1081 888 1130 370.

169 1176 200 1186 -
221 1156 248 1198 et
264 1155 334 1198 secte
357 1148 407 1197 alie
430 1167 483 1200 non
505 1149 603 1200 audent
620 1150 743 1216 detegere
798 1174 827 1183 -
847 1149 965 1213 precipui
981 1148 1068 1198 hostes
1086 1147 1198 1198 ecclesie
1216 1149 1279 1210 5743

203 1217 280 1268 fidem
298 1232 372 1267 suam
390 1219 449 1269 999.
768 1248 771 1257 ι
797 1243 828 1252 -
848 1216 987 1266 abhorrent
1004 1216 1073 1282 quod
1090 1217 1134 1266 lex
1146 1216 1224 1266 cristi
1239 1216 1295 1265 iud

362 1286 446 1420 1111
462 1302 546 1407 111Ιθ
568 1288 602 1337 1
620 1260 771 1393 Μ
830 1286 978 1404 Pallen

170 1452 202 1460 -
221 1424 310 1473 dicunt
324 1423 466 1475 Sathenam
484 1426 510 1475 in
527 1425 609 1490 primo
627 1425 744 1475 millena·
769 1414 771 1491 l
798 1450 828 1457 -
848 1424 977 1488 propriam
989 1423 1155 1473 sanctitatem
1168 1422 1295 1472 haberer

204 1494 241 1542 rio
267 1493 350 1558 magis
376 1495 489 1544 solutum
516 1495 595 1544 fuisse
618 1509 696 1560 quam
717 1494 744 1542 in
770 1500 771 1515 ¹
831 1493 889 1541 470.

203 1561 317 1611 secundo
335 1562 393 1611 392.
798 1587 827 1595 -
848 1575 916 1625 pape
934 1560 1003 1610 bona
1014 1575 1062 1609 sua
1074 1560 1162 1610 omnia
1175 1559 1295 1610 dederunt

169 1630 383 1679 -occasionem
405 1630 469 1681 dant
489 1630 524 1680 ad
543 1630 625 1681 libere
647 1631 745 1681 mendi·
769 1642 771 1663 ³
798 1656 829 1664 -
848 1629 991 1694 proditores
1008 1629 1140 1678 manifesti
1157 1628 1200 1678 dei
1217 1629 1275 1677 218.

203 1699 316 1748 candum
334 1700 392 1748 369.
769 1668 772 1739 4
797 1697 830 1746 ad
850 1726 881 1734 -
894 1713 946 1763 pax
958 1697 1001 1747 dei
1013 1712 1148 1763 nunquam
1156 1703 1295 1746 revertetur

170 1793 202 1802 -
221 1767 285 1816 alios
302 1766 482 1832 depauperant
499 1769 556 1818 369.
797 1766 867 1831 apud
885 1792 918 1802 -
936 1781 1027 1816 sensus
1045 1765 1144 1815 domini
1155 1774 1196 1815 est
1207 1765 1295 1814 absent

170 1863 202 1870 —
220 1835 304 1900 spolia
320 1834 354 1884 de
371 1836 530 1901 pauperibus
543 1835 691 1886 mendicata
707 1837 745 1885 in-
831 1836 889 1885 372.

204 1904 291 1953 ferunt
310 1906 368 1954 369.
796 1912 885 1952 contra
904 1930 935 1938 -
954 1910 1091 1967 peccatum
1109 1904 1150 1953 95.

170 1999 202 2007 -
220 1971 348 2037 spoliandi
369 1987 449 2023 carisa
470 1973 498 2022 in
515 1972 633 2023 domibus
656 1974 745 2024 immo-
770 1982 772 1989 '
796 1988 891 2037 per-
912 1971 1039 2034 dyabolus
1056 1971 1181 2021 ecclesias
1192 1971 1295 2036 antique

205 2048 294 2090 rantur
311 2041 370 2091 370.
769 2040 772 2053 “
831 2041 906 2090 struit
924 2041 982 2090 254.

170 2137 203 2145 —
215 2126 267 2158 non
279 2109 455 2175 impediuntur
466 2111 501 2160 ab
510 2111 745 2176 euvangelizaciono
796 2125 843 2175 per
861 2137 894 2146 -
913 2108 1041 2172 dyabolus
1058 2107 1185 2157 mnndum
1206 2107 1255 2157 sibi
1270 2121 1295 2173 pt

206 2178 314 2228 ecclesie
333 2179 391 2229 370.
831 2179 864 2227 rit
881 2179 939 2228 255.

171 2274 203 2282 -
223 2246 393 2296 excedentem
411 2245 529 2296 Scariotb
545 2247 644 2297 babent
661 2247 719 2299 370.
796 2247 917 2296 Fratrum
929 2260 1070 2295 consensus
1081 2245 1183 2294 crimini
1194 2252 1220 2295 et
1231 2245 1295 2295 heret

168 2340 203 2349 -
220 2332 274 2365 non
291 2315 428 2366 debentes
440 2317 467 2365 in
480 2317 553 2366 birris
565 2331 674 2366 onerare
686 2318 744 2367 370.
797 2342 829 2352 -
848 2315 940 2381 religio
957 2328 1027 2363 vana
1044 2320 1084 2364 est
1100 2315 1158 2364 216.

170 2385 304 2433 —solum
331 2384 497 2434 mendicandi
524 2385 614 2451 gracia
641 2385 745 2435 domum
771 2436 772 2447 χ
799 2411 828 2419 -
849 2383 995 2449 periculosa
1012 2383 1132 2432 versucia
1155 2384 1214 2432 472.

205 2453 302 2502 intrant
319 2454 377 2503 370.
771 2452 772 2493 l
798 2480 830 2488 —
849 2453 940 2517 rapina
957 2450 1025 2516 rapit
1042 2450 1121 2501 fidem
1143 2453 1177 2501 ab
1195 2452 1291 2511 anima.

169 2545 203 2555 -
222 2522 297 2571 multi
314 2521 435 2572 dicuntur
452 2536 509 2572 esse
527 2522 633 2587 dyaboli
650 2525 708 2572 363.
771 2501 773 2593 J
832 2521 915 2570 solum
933 2525 1070 2586 argentum
1088 2525 1116 2570 et
1133 2535 1225 2570 aurum
1242 2521 1282 2570 21.

171 2620 201 2628 -
222 2589 386 2655 multiplicati
412 2597 473 2640 sunt
497 2590 525 2639 in
551 2590 746 2641 mendicacionis
771 2600 773 2637 i
799 2618 829 2626 —
849 2604 946 2655 inagna
962 2588 1112 2653 parsdebet
1129 2605 1186 2639 esse
1202 2589 1282 2639 tercia

205 2666 232 2708 ct
248 2658 391 2709 mendaciis
409 2661 467 2710 366.
832 2658 942 2707 ecclesie
960 2659 1018 2708 703.

171 2753 203 2762 -
222 2727 327 2790 dyaboli
345 2743 402 2777 esse
421 2727 542 2777 dicuntur
559 2729 616 2778 364.
799 2755 830 2762 -
849 2727 932 2792 magis
950 2725 1066 2791 perversi
1083 2725 1207 2776 demonia
1221 2727 1262 2777 36.

170 2821 202 2831 -
222 2796 248 2844 in
270 2795 465 2846 mendicacione
486 2796 598 2846 induunt
619 2796 747 2847 condicio·
799 2823 830 2830 -
850 2794 947 2844 heresis
960 2795 992 2843 de
1011 2793 1114 2844 domino
1126 2795 1240 2845 seculari
1256 2796 1295 2845 99.

206 2879 267 2913 nem
285 2863 391 2927 dyaboli
408 2866 466 2915 367.
799 2891 830 2899 -
850 2864 930 2928 aliqui
939 2870 1001 2912 sunt
1011 2862 1103 2912 fideles
1115 2863 1198 2928 aliqui
1205 2879 1295 2929 persei

170 2958 204 2968 -
222 2933 323 2998 eligunt
339 2932 366 2980 iu
385 2933 517 2983 ordinibus
539 2932 684 2982 anticristus
702 2933 747 2982 eli·
800 2960 829 2969 -
849 2931 1042 2982 incontinencia
1059 2933 1200 2997 corporalis
1216 2935 1259 2983 40.

204 3017 269 3066 quos
286 3001 344 3051 367.
800 3031 829 3040 -
850 3001 953 3050 habitus
971 3007 997 3049 et
1015 2999 1129 3050 salvacio
1147 3001 1204 3050 eins
1222 3003 1263 3052 36.

171 3095 203 3105 -
222 3070 387 3119 mencinntur
402 3085 431 3120 se
444 3069 534 3120 extolli
544 3084 623 3135 supra
635 3068 746 3119 Cristum
799 3097 831 3105 —
850 3070 964 3118 claustra
979 3069 1021 3118 47.

206 3139 264 3188 367.
771 3176 774 3197 ,
799 3165 831 3174 -
850 3153 920 3187 vana
937 3137 1029 3203 religio
1046 3139 1087 3186 46.

172 3233 204 3242 -
223 3206 256 3256 de
268 3206 425 3256 fundacione
440 3222 545 3256 suorum
557 3206 676 3256 ordinum
688 3209 746 3258 353.
771 3202 773 3268 l
800 3236 831 3243 —
850 3207 980 3256 laboriosa
996 3205 1144 3255 sollicitudo
1163 3207 1204 3256 39.

172 3303 203 3311 —
223 3275 315 3325 volunt
338 3275 462 3325 inducere
483 3276 592 3325 iuvenes
609 3275 703 3326 ‹livit-es
720 3276 746 3324 in
801 3301 832 3308 —
851 3274 980 3324 habitacio
998 3280 1151 3339 sumptuosa
1169 3276 1226 3325 103.

207 3350 290 3394 artem
306 3344 509 3394 mendicacionis
526 3345 584 3395 307.
799 3373 831 3381 -
850 3343 969 3409 operacio
988 3344 1045 3393 103.

171 3439 206 3449 -
225 3412 258 3462 ad
275 3429 341 3462 onus
359 3413 470 3463 ecclesio
485 3413 625 3463 introducti
642 3415 700 3463 363.
800 3441 831 3448 -
850 3411 1043 3477 predicaciones
1060 3410 1202 3462 mendaces
1218 3413 1261 3462 97.

171 3508 205 3518 -
223 3496 366 3548 pauperem
377 3482 502 3547 populum
516 3498 600 3547 usque
617 3481 652 3531 ad
669 3497 747 3548 egen·
800 3509 831 3517 —
845 3482 872 3530 in
884 3480 1001 3530 ordinem
1010 3479 1218 3545 ingredientibus
1226 3481 1295 3531 malu

207 3551 273 3600 ciam
291 3550 402 3616 spoliare
419 3550 512 3600 volunt
529 3552 587 3601 367.
800 3578 831 3585 -
850 3550 893 3599 lex
911 3549 1002 3599 melior
1022 3550 1062 3598 96.

172 3646 204 3654 -
216 3619 746 3669 voluntomneshominesmendicare366.
799 3646 831 3655 —
850 3617 1012 3683 presumpcio
1028 3619 1070 3667 96.

172 3715 204 3723 —
223 3689 394 3738 consenciunt
415 3689 515 3738 crimini
532 3689 572 3737 sui
594 3688 677 3738 tocius
694 3704 747 3738 cor·
800 3715 832 3722 -
850 3686 1010 3736 introdnccio
1028 3686 1055 3734 in
1072 3686 1210 3735 ecclesiam
1232 3689 1274 3737 94.

206 3757 274 3821 poris
292 3758 350 3807 331.
800 3783 831 3790 -
850 3756 915 3804 ritus
932 3754 1050 3820 putridus
1067 3756 1108 3804 93.

172 3851 204 3859 -
223 3841 276 3874 non
293 3826 433 3875 observant
449 3824 536 3890 legem
554 3824 597 3873 dei
615 3825 672 3874 332.
799 3851 833 3860 -
852 3824 981 3873 ueritates
999 3822 1142 3888 culpabiles
1163 3824 1205 3874 93.

172 3919 204 3928 -
223 3893 378 3957 ydolatriam
396 3894 560 3943 committunt
577 3893 635 3942 332.
800 3921 832 3929 -
851 3892 1052 3957 spoliacionibus
1070 3891 1191 3942 resistere
1211 3894 1270 3943 194.

173 3988 205 3997 -
224 3962 343 4012 ordinum
361 3961 488 4012 homicide
505 3969 566 4011 sunt
586 3962 644 4011 332.
800 3989 831 3998 -
850 3962 950 4026 species
968 3961 1103 4010 auferatur
1120 3959 1152 4009 de
1170 3962 1284 4011 ecclesia

172 4057 204 4065 -
223 4031 327 4097 culpam
338 4030 495 4080 contrahunt
506 4045 540 4080 ex
551 4045 679 4079 consensu
689 4032 746 4081 333.
799 4059 830 4066 -
851 4030 978 4079 correccio
997 4030 1037 4079 79.

173 4124 205 4133 -
223 4099 240 4148 i.
271 4115 293 4149 e.
323 4099 437 4165 religiosi
465 4099 560 4166 privati
588 4100 747 4164 propositum
799 4126 832 4134 -
850 4097 948 4164 perfida
966 4113 1031 4161 gens
1051 4099 1092 4148 79.

206 4183 282 4217 stium
298 4167 458 4218 custodirent
475 4171 533 4219 505.
772 4186 774 4211 ι
800 4195 832 4203 -
850 4167 980 4215 novitates
998 4166 1141 4231 culpabiles
1158 4166 1295 4217 introduce
