3082 5024
284 471 345 528 796

282 639 354 702 Pape
372 638 544 688 adversantur
560 639 620 688 Iesu
639 638 720 688 Gristo
739 640 797 689 679.

281 735 315 744 -
333 713 441 772 possunt
458 708 580 773 superbia
598 707 713 757 indurari
731 709 789 757 679.

284 804 313 814 -
334 776 520 826 dissencientes
546 776 706 826 restitucioni
731 782 859 841 tempora-

316 845 379 893 lium
398 845 506 894 herctici
523 852 583 894 sunt
602 847 659 895 573.

282 943 315 952 -
333 914 437 979 fingunt
454 930 482 963 se
501 914 627 979 imperare
646 914 747 979 angelis
766 916 823 963 554.

283 1012 314 1019 -
334 983 435 1047 angelis
453 982 598 1048 precipiunt
616 985 673 1032 664.

282 1067 385 1100 —non
409 1050 507 1100 habent
533 1059 688 1117 potestatem
714 1051 859 1117 imperandi

318 1119 471 1169 demonibus
490 1122 547 1170 554.

282 1217 315 1226 -
334 1188 516 1253 blasphemant
532 1189 559 1239 in
570 1189 665 1239 ficticia
676 1190 796 1253 potencie
809 1189 858 1255 spi-

317 1257 417 1306 ritualis
435 1259 492 1308 558.

282 1355 314 1364 -
334 1341 350 1374 a
368 1326 482 1392 maligno
500 1326 591 1391 spiritu
609 1327 742 1392 agitantur
760 1326 817 1377 670.

283 1424 313 1433 -—
335 1395 429 1444 multas
447 1403 565 1445 catervas
583 1395 616 1444 ad
629 1395 760 1444 insemum
778 1395 858 1445 duxe-

317 1465 453 1514 0011257.

283 1561 314 1569 -
333 1533 360 1581 in
378 1548 426 1581 sua
443 1532 606 1597 presidencia
618 1533 733 1599 graviter
748 1538 859 1598 peccant

281 1697 314 1707 -
333 1669 708 1719 continuantcontraGristum
726 1670 753 1718 in
772 1684 857 1719 errore

282 1835 313 1843 —
342 1806 448 1855 coraula
466 1806 564 1856 ducens
591 1807 733 1856 exercitum
753 1805 858 1869 dyaboli

281 1971 314 1980 —-
333 1943 360 1992 in
378 1943 502 1993 limitibus
520 1942 581 1993 fidei
599 1950 667 1992 stare
684 1943 781 1994 debent
799 1945 857 1993 558.

282 2038 311 2048 -
333 2013 478 2076 aspirantes
500 2012 533 2062 ad
554 2012 709 2077 dignitatem
726 2026 857 2062 cesaream

281 2176 313 2186 -
332 2149 438 2215 quidam
457 2155 518 2199 suut
535 2149 640 2213 dyaboli
658 2151 716 2199 664.

283 2244 312 2256 -
332 2219 384 2268 duo
402 2225 429 2268 et
445 2234 493 2268 sua
511 2220 626 2268 membra
644 2220 702 2268 464.

279 2287 412 2353 Papamm
430 2286 561 2336 absolucio
579 2288 657 2353 plena
675 2289 733 2336 456.

281 2383 313 2392 -
333 2356 425 2405 divisio
444 2357 501 2406 620.

281 2452 313 2461 —
333 2425 465 2481 dissensio.
484 2424 613 2490 quomodo
631 2423 766 2474 sedaretur
783 2426 841 2474 590.

281 2522 313 2531 -
332 2494 433 2543 facinus
452 2494 510 2543 676.

281 2590 315 2599 -
333 2562 404 2612 50110
422 2562 524 2627 putride
542 2563 599 2612 459.

282 2657 314 2667 --
333 2631 498 2680 homicidium
518 2632 575 2681 552.

280 2727 316 2736 -
334 2700 475 2749 occisiones
492 2701 550 2750 460.

282 2796 313 2805 —
334 2767 458 2817 dissensio
484 2774 589 2817 causata
617 2782 649 2816 ex
672 2767 791 2817 mendaci
813 2766 857 2816 de-

317 2837 387 2886 fectu
405 2838 463 2886 589.

282 2931 314 2941 -
333 2905 414 2953 verba
431 2904 542 2970 intelligi
564 2905 661 2954 debent
682 2903 715 2953 (10
737 2904 858 2969 reputira

316 2973 466 3022 remissione
479 2980 506 3022 et
517 2989 569 3022 nou
582 2973 615 3023 de
627 2979 699 3022 certa
707 2972 857 3022 remissione

283 3137 314 3147 -
333 3110 424 3176 religio
441 3109 544 3160 excedit
566 3110 717 3175 religionem
737 3108 813 3159 cristi
830 3109 857 3159 in

316 3179 431 3229 bonitate
450 3180 507 3228 456.

281 3248 469 3297 -contencio
490 3263 542 3297 non
569 3253 609 3297 est
630 3247 663 3296 (10
687 3246 760 3295 bonis
778 3247 857 3296 virtu·

315 3316 446 3366 1010572.

282 3412 313 3421 -
333 3385 442 3435 duorum
461 3399 570 3434 erronea
587 3384 684 3435 eleccio
703 3386 760 3435 674.

282 3480 312 3489 -
333 3454 426 3503 fratres
448 3460 474 3503 et
496 3453 542 3502 filii
568 3454 595 3502 iu
617 3469 695 3519 opere
717 3453 856 3519 proditorio

315 3522 477 3572 collaborant
494 3524 551 3572 693.

282 3619 312 3627 -
333 3591 430 3641 eleccio
448 3591 527 3641 stulta
545 3592 603 3641 675.

280 3687 315 3696 -
332 3675 422 3727 pugna
439 3660 465 3709 in
488 3660 571 3710 reteri
592 3666 748 3710 testamento
770 3673 857 3710 exem·

316 3729 388 3794 plata
404 3730 462 3779 464.

281 3825 312 3833 -
332 3803 495 3848 monstruosa
513 3796 637 3847 dissensio
656 3797 713 3847 570.

284 3894 311 3902 -
333 3866 458 3916 dissensio
476 3871 581 3931 propter
597 3865 766 3930 cupiditatem
783 3880 857 3914 mun·

316 3935 443 3984 danorum
461 3935 518 3984 572.

283 4031 311 4038 -
333 4003 471 4069 privilegia
489 4011 516 4052 et
532 4003 592 4052 ficte
610 4017 718 4052 censure
738 4004 795 4052 691.

282 4099 313 4108 -
333 4070 493 4137 blasphemie
510 4087 562 4120 non
579 4071 711 4136 publicate
729 4071 787 4122 692.

281 4168 313 4176 -
333 4141 442 4190 duomm
452 4141 537 4189 neutri
548 4139 726 4189 adherendum
738 4146 779 4190 est
797 4140 855 4189 257.

283 4236 313 4244 -
333 4210 445 4259 camisse
463 4208 601 4274 prohrisset
618 4208 728 4259 ecclesie
745 4209 803 4259 257.

729 467 907 516 GENERAL
927 466 1055 516 INDEX.

911 638 996 703 Papae
1024 639 1099 688 Indei
1133 644 1323 702 contempnunt
1358 644 1496 703 tamquam

945 707 1081 772 precipuos
1099 708 1245 757 anticristus
1262 708 1321 756 461.

912 802 943 811 -
962 775 1036 824 Iudei
1054 776 1232 826 indifferenter
1249 776 1397 841 respiciunt
1415 777 1499 834 461..

911 843 944 893 (10
959 844 1036 909 Papis
1054 845 1155 894 duobus
1172 860 1201 894 se
1219 851 1310 894 tenere
1328 844 1439 894 salubre
1458 856 1496 894 est

945 912 1066 962 fidelihus
1087 915 1143 964 179.

911 981 943 1031 (10
962 1007 994 1017 ·-
1013 980 1115 1031 duobus
1136 982 1211 1032 multi
1232 982 1259 1031 in
1283 997 1402 1032 errorem
1429 981 1494 1047 lapsi

945 1051 1081 1101 0001179.

912 1118 1016 1184 Papalis
1034 1120 1200 1169 canonizacio
1219 1121 1259 1169 35.

914 1215 943 1222 -
962 1187 1094 1238 absolucio
1113 1188 1171 1238 627.

913 1284 943 1292 -
963 1258 1112 1321 persecucio
1130 1271 1146 1307 a
1164 1256 1247 1307 Oristo
1264 1273 1318 1307 non
1341 1257 1494 1322 exemplata

946 1327 1003 1375 615.

912 1421 943 1429 -
963 1394 1054 1443 melior
1071 1394 1184 1460 dignitas
1201 1395 1256 1444 rita
1274 1393 1353 1444 cristi
1372 1395 1433 1445 613.

911 1489 943 1498 -
962 1467 1076 1526 potestas
1093 1464 1211 1528 plenaria
1229 1463 1385 1513 absolvendi
1404 1465 1464 1514 626.

913 1531 1005 1595 -pale
1024 1531 1120 1582 bellum
1139 1535 1180 1583 35.

913 1598 1018 1664 -pales
1036 1601 1109 1667 leges
1127 1600 1252 1667 detegere
1270 1602 1328 1652 623.

912 1696 941 1704 -
961 1668 1032 1718 50110
1050 1669 1083 1719 (10
1101 1670 1244 1736 privilegiis
1267 1676 1295 1719 et
1311 1669 1380 1720 fictis
1401 1669 1493 1719 suffra·

945 1737 994 1802 giis
1013 1739 1072 1788 615.

913 1807 1014 1870 —palia
1040 1807 1136 1872 scripta
1165 1813 1262 1857 statuta
1292 1806 1438 1857 creduntur
1464 1813 1493 1856 ut

945 1874 1008 1924 fides
1027 1877 1084 1924 597.

914 1971 940 1980 -
961 1942 1057 2008 scripta
1074 1945 1101 1993 in
1118 1945 1253 1995 sentencia
1265 1960 1318 1994 non
1331 1943 1492 1994 concordant

910 2081 1049 2131 Paradisus
1078 2088 1136 2146 post
1165 2081 1346 2147 expulsionem
1380 2081 1492 2132 hominis

943 2155 1049 2201 sanctus
1067 2150 1160 2199 mansit
1178 2150 1237 2202 261.

911 2218 1103 2282 Paralogismns
1125 2218 1230 2282 dyaboli
1251 2219 1345 2269 fratres
1369 2219 1403 2269 ad
1426 2220 1490 2269 occi·

943 2288 1044 2337 sionem
1063 2288 1143 2337 Ducis
1161 2289 1314 2338 Lancastrie
1332 2289 1414 2338 morit
1432 2289 1490 2338 227.

912 2386 941 2393 -
968 2354 1124 2419 sophisticus
1152 2356 1185 2407 (10
1216 2363 1347 2422 potestate
1376 2358 1488 2407 clarium

911 2493 1007 2543 -ismo
1026 2493 1153 2557 dyabolus
1171 2493 1275 2543 ordines
1292 2493 1396 2544 seducit
1414 2495 1472 2544 226.

911 2562 1058 2612 l'arasceue
1076 2568 1167 2612 sancta
1184 2563 1224 2612 27.

910 2631 1025 2680 Parcitas
1048 2630 1154 2681 fratrum
1180 2648 1232 2680 non
1253 2632 1363 2698 attingit
1379 2632 1488 2697 parcita-

943 2705 995 2749 tem
1013 2715 1158 2765 pauperum
1177 2701 1218 2750 71.

910 2784 961 2817 uon
979 2768 1076 2818 Parcus
1095 2776 1121 2818 et
1137 2768 1240 2818 invidus
1257 2774 1297 2818 est
1310 2768 1377 2819 (1000
1394 2769 1421 2818 10
1438 2769 1487 2834 sig·

943 2837 1122 2887 nificacionem
1140 2838 1181 2887 sui
1197 2837 1301 2887 termini
1320 2839 1363 2887 77.

910 2905 1035 2955 Parentes
1053 2906 1179 2956 honorare
1199 2907 1255 2955 116.

914 3001 941 3010 -
960 2975 1127 3040 corporaliter
1143 2973 1308 3024 sustentandi
1326 2976 1368 3025 39.

910 3069 941 3078 -
960 3043 1107 3108 spirituales
1124 3043 1249 3093 honorare
1270 3044 1328 3093 120.

912 3139 941 3146 -
960 3112 1078 3161 camales
1095 3111 1222 3162 honorare
1242 3111 1299 3162 120.

911 3187 999 3230 -tum
1016 3181 1110 3230 occisio
1129 3183 1186 3231 134.

911 3277 940 3283 -
961 3248 1175 3300 honoraci0120.

912 3318 1013 3367 -11500
1030 3317 1136 3368 obedire
1156 3319 1197 3369 39.

910 3386 1084 3436 Parliamento
1110 3387 1138 3435 in
1163 3385 1267 3452 publico
1294 3385 1489 3436 referendarius

942 3455 1011 3521 regis
1033 3455 1159 3505 discretus
1184 3454 1257 3513 dicit,
1285 3454 1356 3520 quod
1379 3454 1413 3504 de
1435 3454 1488 3503 lide

943 3529 1044 3588 oportet
1055 3523 1160 3574 obedire
1175 3523 1225 3574 deo
1244 3523 1327 3588 magis
1346 3539 1425 3589 quam
1443 3523 1489 3573 ho·

943 3592 1007 3640 mini
1024 3593 1082 3642 263.

910 3661 1066 3710 Parochialis
1075 3659 1242 3710 sacerdotalis
1250 3666 1334 3710 status
1343 3661 1490 3726 perfeccior

941 3729 1067 3795 religione
1085 3730 1150 3794 priv.
1168 3731 1226 3778 505.

909 3796 1033 3848 Parochie
1051 3797 1085 3848 ad
1107 3812 1195 3848 curam
1217 3796 1358 3847 habiliores
1380 3806 1489 3862 possent

942 3865 1043 3916 admitti
1061 3868 1119 3917 265.

909 3935 971 3983 Pars
989 3936 1101 4000 pessima
1118 3940 1159 3985 est
1174 3934 1272 3984 heresis
1291 3935 1350 3984 397.
1425 3949 1435 3965 ·

911 4030 939 4039 -
960 4003 1064 4066 dyaboli
1077 4002 1216 4069 prevalens
1228 4003 1254 4052 in
1267 4002 1361 4052 diebus
1373 4004 1489 4053 auctoris

909 4167 941 4176 -
960 4141 1041 4190 maior
1057 4140 1165 4190 fratrum
1183 4156 1241 4190 curn
1264 4139 1379 4190 Roberto
1397 4139 1489 4190 Gilbo-

943 4210 1017 4258 nensi
1034 4216 1106 4259 tenet
1124 4211 1182 4260 464.
