<?xml version="1.0" encoding="UTF-8"?>
<!DOCTYPE html PUBLIC "-//W3C//DTD XHTML 1.0 Transitional//EN"
    "http://www.w3.org/TR/xhtml1/DTD/xhtml1-transitional.dtd">
<html xmlns="http://www.w3.org/1999/xhtml" xml:lang="en" lang="en">
 <head>
  <title>
</title>
<meta http-equiv="Content-Type" content="text/html;charset=utf-8" />
  <meta name='ocr-system' content='tesseract 3.04.00' />
  <meta name='ocr-capabilities' content='ocr_page ocr_carea ocr_par ocr_line ocrx_word'/>
</head>
<body>
  <div class='ocr_page' id='page_1' title='image "./johnwiclifspole00wyclgoog/johnwiclifspole00wyclgoog_0389.png"; bbox 0 0 3082 5024; ppageno 0'>
   <div class='ocr_carea' id='block_1_1' title="bbox 221 122 281 179">
    <p class='ocr_par' dir='ltr' id='par_1_1' title="bbox 221 122 281 179">
     <span class='ocr_line' id='line_1_1' title="bbox 221 122 281 179; baseline 0 -1"><span class='ocrx_word' id='word_1_1' title='bbox 221 122 281 179; x_wconf 85' lang='grc'><strong>’150</strong></span> 
     </span>
    </p>
   </div>
   <div class='ocr_carea' id='block_1_2' title="bbox 657 114 982 164">
    <p class='ocr_par' dir='ltr' id='par_1_2' title="bbox 657 114 982 164">
     <span class='ocr_line' id='line_1_2' title="bbox 657 114 982 164; baseline -0.006 0"><span class='ocrx_word' id='word_1_2' title='bbox 657 114 835 164; x_wconf 75' lang='lat' dir='ltr'><em>GENERAL</em></span> <span class='ocrx_word' id='word_1_3' title='bbox 854 114 982 163; x_wconf 79' lang='lat' dir='ltr'>INDEX.</span> 
     </span>
    </p>
   </div>
   <div class='ocr_carea' id='block_1_3' title="bbox 221 283 1529 338">
    <p class='ocr_par' dir='ltr' id='par_1_3' title="bbox 221 283 1529 338">
     <span class='ocr_line' id='line_1_3' title="bbox 221 283 1529 338; baseline 0.001 -2"><span class='ocrx_word' id='word_1_4' title='bbox 221 287 362 337; x_wconf 82' lang='lat' dir='ltr'>Divisionie</span> <span class='ocrx_word' id='word_1_5' title='bbox 387 301 467 337; x_wconf 86' lang='lat' dir='ltr'>causa</span> <span class='ocrx_word' id='word_1_6' title='bbox 489 288 515 336; x_wconf 92' lang='lat' dir='ltr'>in</span> <span class='ocrx_word' id='word_1_7' title='bbox 538 286 648 338; x_wconf 89' lang='lat' dir='ltr'>ecclesia</span> <span class='ocrx_word' id='word_1_8' title='bbox 670 286 798 336; x_wconf 74' lang='lat' dir='ltr'><strong>militante</strong></span> <span class='ocrx_word' id='word_1_9' title='bbox 822 301 825 337; x_wconf 88' lang='lat' dir='ltr'>l</span> <span class='ocrx_word' id='word_1_10' title='bbox 851 284 1005 335; x_wconf 89' lang='lat' dir='ltr'>Dominacio</span> <span class='ocrx_word' id='word_1_11' title='bbox 1022 284 1121 335; x_wconf 85' lang='lat' dir='ltr'>brachii</span> <span class='ocrx_word' id='word_1_12' title='bbox 1132 284 1260 334; x_wconf 83' lang='lat' dir='ltr'>secularis</span> <span class='ocrx_word' id='word_1_13' title='bbox 1272 283 1354 334; x_wconf 77' lang='lat' dir='ltr'>maior</span> <span class='ocrx_word' id='word_1_14' title='bbox 1369 284 1529 337; x_wconf 62' lang='grc'><strong>66386</strong></span> 
     </span>
    </p>
   </div>
   <div class='ocr_carea' id='block_1_4' title="bbox 194 357 811 3918">
    <p class='ocr_par' dir='ltr' id='par_1_4' title="bbox 259 357 316 406">
     <span class='ocr_line' id='line_1_4' title="bbox 259 357 316 406; baseline -0.018 0"><span class='ocrx_word' id='word_1_15' title='bbox 259 357 316 406; x_wconf 76' lang='grc'><strong>611.</strong></span> 
     </span>
    </p>

    <p class='ocr_par' dir='ltr' id='par_1_5' title="bbox 222 421 638 475">
     <span class='ocr_line' id='line_1_5' title="bbox 222 421 638 475; baseline -0.002 0"><span class='ocrx_word' id='word_1_16' title='bbox 222 452 254 461; x_wconf 95' lang='grc'>-</span> <span class='ocrx_word' id='word_1_17' title='bbox 274 424 384 475; x_wconf 86' lang='lat' dir='ltr'>ecclesie</span> <span class='ocrx_word' id='word_1_18' title='bbox 402 421 562 473; x_wconf 85' lang='lat' dir='ltr'>sufficiencia</span> <span class='ocrx_word' id='word_1_19' title='bbox 580 425 638 474; x_wconf 71' lang='lat'>705.</span> 
     </span>
    </p>

    <p class='ocr_par' dir='ltr' id='par_1_6' title="bbox 222 491 800 543">
     <span class='ocr_line' id='line_1_6' title="bbox 222 491 800 543; baseline 0 -1"><span class='ocrx_word' id='word_1_20' title='bbox 222 508 332 542; x_wconf 89' lang='lat' dir='ltr'>-onem</span> <span class='ocrx_word' id='word_1_21' title='bbox 351 493 377 542; x_wconf 92' lang='lat' dir='ltr'>in</span> <span class='ocrx_word' id='word_1_22' title='bbox 400 493 501 543; x_wconf 87' lang='lat' dir='ltr'>unitate</span> <span class='ocrx_word' id='word_1_23' title='bbox 523 491 584 543; x_wconf 88' lang='lat' dir='ltr'>fidei</span> <span class='ocrx_word' id='word_1_24' title='bbox 606 502 677 543; x_wconf 87' lang='lat' dir='ltr'>secte</span> <span class='ocrx_word' id='word_1_25' title='bbox 699 492 800 542; x_wconf 82' lang='lat' dir='ltr'>faciunt</span> 
     </span>
    </p>

    <p class='ocr_par' dir='ltr' id='par_1_7' title="bbox 224 630 587 679">
     <span class='ocr_line' id='line_1_7' title="bbox 224 630 587 679; baseline -0.003 0"><span class='ocrx_word' id='word_1_26' title='bbox 224 657 256 666; x_wconf 96' lang='lat'><em>-</em></span> <span class='ocrx_word' id='word_1_27' title='bbox 275 635 346 679; x_wconf 88' lang='lat' dir='ltr'>amat</span> <span class='ocrx_word' id='word_1_28' title='bbox 364 630 511 678; x_wconf 78' lang='lat' dir='ltr'>anticristus</span> <span class='ocrx_word' id='word_1_29' title='bbox 530 630 587 679; x_wconf 79' lang='grc'><strong>112.</strong></span> 
     </span>
    </p>

    <p class='ocr_par' dir='ltr' id='par_1_8' title="bbox 223 697 799 816">
     <span class='ocr_line' id='line_1_8' title="bbox 223 697 799 764; baseline 0 -18"><span class='ocrx_word' id='word_1_30' title='bbox 223 725 256 734; x_wconf 90' lang='grc'><strong>-</strong></span> <span class='ocrx_word' id='word_1_31' title='bbox 274 699 301 747; x_wconf 92' lang='lat' dir='ltr'>in</span> <span class='ocrx_word' id='word_1_32' title='bbox 320 698 402 747; x_wconf 89' lang='lat' dir='ltr'>tribus</span> <span class='ocrx_word' id='word_1_33' title='bbox 415 698 566 764; x_wconf 78' lang='lat' dir='ltr'>theologicis</span> <span class='ocrx_word' id='word_1_34' title='bbox 579 697 717 748; x_wconf 88' lang='lat' dir='ltr'>virtutibus</span> <span class='ocrx_word' id='word_1_35' title='bbox 729 704 799 747; x_wconf 89' lang='lat' dir='ltr'>secte</span> 
     </span>
     <span class='ocr_line' id='line_1_9' title="bbox 258 766 432 816; baseline 0.011 -2"><span class='ocrx_word' id='word_1_36' title='bbox 258 766 357 816; x_wconf 88' lang='lat' dir='ltr'>faciunt</span> <span class='ocrx_word' id='word_1_37' title='bbox 375 768 432 816; x_wconf 84' lang='grc'><strong>380.</strong></span> 
     </span>
    </p>

    <p class='ocr_par' dir='ltr' id='par_1_9' title="bbox 223 834 800 901">
     <span class='ocr_line' id='line_1_10' title="bbox 223 834 800 901; baseline -0.002 -16"><span class='ocrx_word' id='word_1_38' title='bbox 223 835 326 885; x_wconf 82' lang='lat' dir='ltr'>Divites</span> <span class='ocrx_word' id='word_1_39' title='bbox 335 836 481 901; x_wconf 89' lang='lat' dir='ltr'>percipiunt</span> <span class='ocrx_word' id='word_1_40' title='bbox 494 835 611 885; x_wconf 85' lang='lat' dir='ltr'>fraudem</span> <span class='ocrx_word' id='word_1_41' title='bbox 621 834 729 885; x_wconf 83' lang='lat' dir='ltr'>fratrum</span> <span class='ocrx_word' id='word_1_42' title='bbox 741 835 800 884; x_wconf 89' lang='grc'><strong>254.</strong></span> 
     </span>
    </p>

    <p class='ocr_par' dir='ltr' id='par_1_10' title="bbox 223 904 801 1038">
     <span class='ocr_line' id='line_1_11' title="bbox 223 904 801 970; baseline 0.002 -18"><span class='ocrx_word' id='word_1_43' title='bbox 223 904 283 970; x_wconf 86' lang='lat' dir='ltr'>plus</span> <span class='ocrx_word' id='word_1_44' title='bbox 310 931 340 939; x_wconf 96' lang='lat'><em>-</em></span> <span class='ocrx_word' id='word_1_45' title='bbox 369 911 429 953; x_wconf 88' lang='lat' dir='ltr'>sunt</span> <span class='ocrx_word' id='word_1_46' title='bbox 465 905 556 954; x_wconf 87' lang='lat' dir='ltr'>fratres</span> <span class='ocrx_word' id='word_1_47' title='bbox 585 919 663 970; x_wconf 91' lang='lat' dir='ltr'>quam</span> <span class='ocrx_word' id='word_1_48' title='bbox 690 904 801 970; x_wconf 82' lang='lat' dir='ltr'>wlgares</span> 
     </span>
     <span class='ocr_line' id='line_1_12' title="bbox 258 972 437 1038; baseline 0 -16"><span class='ocrx_word' id='word_1_49' title='bbox 258 972 361 1038; x_wconf 89' lang='lat' dir='ltr'>spoliati</span> <span class='ocrx_word' id='word_1_50' title='bbox 379 974 437 1022; x_wconf 82' lang='grc'><strong>263.</strong></span> 
     </span>
    </p>

    <p class='ocr_par' dir='ltr' id='par_1_11' title="bbox 224 1041 800 1175">
     <span class='ocr_line' id='line_1_13' title="bbox 224 1041 800 1092; baseline -0.002 -2"><span class='ocrx_word' id='word_1_51' title='bbox 224 1041 375 1091; x_wconf 87' lang='lat' dir='ltr'>Divorcium</span> <span class='ocrx_word' id='word_1_52' title='bbox 392 1042 460 1091; x_wconf 89' lang='lat' dir='ltr'>inter</span> <span class='ocrx_word' id='word_1_53' title='bbox 478 1041 588 1092; x_wconf 82' lang='lat' dir='ltr'>Gristuni</span> <span class='ocrx_word' id='word_1_54' title='bbox 613 1048 639 1091; x_wconf 92' lang='lat' dir='ltr'>et</span> <span class='ocrx_word' id='word_1_55' title='bbox 664 1041 800 1090; x_wconf 85' lang='lat' dir='ltr'>ecclesiam</span> 
     </span>
     <span class='ocr_line' id='line_1_14' title="bbox 259 1109 500 1175; baseline 0.004 -16"><span class='ocrx_word' id='word_1_56' title='bbox 259 1109 315 1159; x_wconf 87' lang='lat' dir='ltr'>fieri</span> <span class='ocrx_word' id='word_1_57' title='bbox 333 1111 424 1175; x_wconf 89' lang='lat' dir='ltr'>nequit</span> <span class='ocrx_word' id='word_1_58' title='bbox 442 1113 500 1160; x_wconf 82' lang='lat'>456.</span> 
     </span>
    </p>

    <p class='ocr_par' dir='ltr' id='par_1_12' title="bbox 225 1178 802 1246">
     <span class='ocr_line' id='line_1_15' title="bbox 225 1178 802 1246; baseline 0 -19"><span class='ocrx_word' id='word_1_59' title='bbox 225 1178 352 1243; x_wconf 81' lang='lat' dir='ltr'>Diwlgari</span> <span class='ocrx_word' id='word_1_60' title='bbox 377 1180 551 1246; x_wconf 80' lang='lat' dir='ltr'>ewangelium</span> <span class='ocrx_word' id='word_1_61' title='bbox 575 1178 686 1244; x_wconf 87' lang='lat' dir='ltr'>pharisei</span> <span class='ocrx_word' id='word_1_62' title='bbox 710 1178 802 1228; x_wconf 91' lang='lat' dir='ltr'>nolunt</span> 
     </span>
    </p>

    <p class='ocr_par' dir='ltr' id='par_1_13' title="bbox 224 1315 597 1381">
     <span class='ocr_line' id='line_1_16' title="bbox 224 1315 597 1381; baseline 0.005 -17"><span class='ocrx_word' id='word_1_63' title='bbox 224 1315 330 1364; x_wconf 88' lang='lat' dir='ltr'>Docent</span> <span class='ocrx_word' id='word_1_64' title='bbox 347 1315 437 1381; x_wconf 86' lang='lat' dir='ltr'>fugam</span> <span class='ocrx_word' id='word_1_65' title='bbox 455 1317 538 1366; x_wconf 84' lang='lat' dir='ltr'>sancti</span> <span class='ocrx_word' id='word_1_66' title='bbox 556 1318 597 1366; x_wconf 88' lang='grc'>56.</span> 
     </span>
    </p>

    <p class='ocr_par' dir='ltr' id='par_1_14' title="bbox 225 1382 803 1517">
     <span class='ocr_line' id='line_1_17' title="bbox 225 1382 803 1450; baseline 0 -18"><span class='ocrx_word' id='word_1_67' title='bbox 225 1383 314 1433; x_wconf 90' lang='lat' dir='ltr'>-cuit</span> <span class='ocrx_word' id='word_1_68' title='bbox 331 1382 437 1441; x_wconf 72' lang='lat' dir='ltr'>cristus,</span> <span class='ocrx_word' id='word_1_69' title='bbox 461 1385 530 1450; x_wconf 92' lang='lat' dir='ltr'>quod</span> <span class='ocrx_word' id='word_1_70' title='bbox 547 1385 671 1433; x_wconf 89' lang='lat' dir='ltr'>tributum</span> <span class='ocrx_word' id='word_1_71' title='bbox 689 1384 722 1433; x_wconf 89' lang='lat' dir='ltr'>sit</span> <span class='ocrx_word' id='word_1_72' title='bbox 740 1382 803 1432; x_wconf 86' lang='lat' dir='ltr'>dan-</span> 
     </span>
     <span class='ocr_line' id='line_1_18' title="bbox 261 1451 711 1517; baseline 0.002 -17"><span class='ocrx_word' id='word_1_73' title='bbox 261 1451 323 1500; x_wconf 90' lang='lat' dir='ltr'>dum</span> <span class='ocrx_word' id='word_1_74' title='bbox 341 1468 392 1501; x_wconf 91' lang='lat' dir='ltr'>non</span> <span class='ocrx_word' id='word_1_75' title='bbox 411 1453 488 1502; x_wconf 91' lang='lat' dir='ltr'>Petro</span> <span class='ocrx_word' id='word_1_76' title='bbox 506 1453 549 1503; x_wconf 86' lang='lat' dir='ltr'>vel</span> <span class='ocrx_word' id='word_1_77' title='bbox 567 1468 634 1517; x_wconf 90' lang='lat' dir='ltr'>pape</span> <span class='ocrx_word' id='word_1_78' title='bbox 653 1453 711 1502; x_wconf 85' lang='grc'><strong>218.</strong></span> 
     </span>
    </p>

    <p class='ocr_par' dir='ltr' id='par_1_15' title="bbox 227 1520 803 1639">
     <span class='ocr_line' id='line_1_19' title="bbox 227 1520 803 1571; baseline 0.002 -2"><span class='ocrx_word' id='word_1_79' title='bbox 227 1520 372 1569; x_wconf 87' lang='lat' dir='ltr'>Doctorant</span> <span class='ocrx_word' id='word_1_80' title='bbox 393 1522 557 1571; x_wconf 83' lang='lat' dir='ltr'>contenciose</span> <span class='ocrx_word' id='word_1_81' title='bbox 583 1521 733 1570; x_wconf 75' lang='lat' dir='ltr'>laborantes</span> <span class='ocrx_word' id='word_1_82' title='bbox 753 1522 803 1570; x_wconf 88' lang='lat' dir='ltr'>fra-</span> 
     </span>
     <span class='ocr_line' id='line_1_20' title="bbox 262 1590 375 1639; baseline 0 -1"><span class='ocrx_word' id='word_1_83' title='bbox 262 1594 313 1638; x_wconf 81' lang='lat' dir='ltr'>tres</span> <span class='ocrx_word' id='word_1_84' title='bbox 334 1590 375 1639; x_wconf 85' lang='lat'>53.</span> 
     </span>
    </p>

    <p class='ocr_par' dir='ltr' id='par_1_16' title="bbox 227 1657 530 1723">
     <span class='ocr_line' id='line_1_21' title="bbox 227 1657 530 1723; baseline 0.007 -17"><span class='ocrx_word' id='word_1_85' title='bbox 227 1657 353 1706; x_wconf 81' lang='lat' dir='ltr'>Doctores</span> <span class='ocrx_word' id='word_1_86' title='bbox 371 1658 472 1723; x_wconf 80' lang='lat' dir='ltr'>antiqui</span> <span class='ocrx_word' id='word_1_87' title='bbox 490 1659 530 1708; x_wconf 82' lang='grc'>16.</span> 
     </span>
    </p>

    <p class='ocr_par' dir='ltr' id='par_1_17' title="bbox 228 1726 534 1792">
     <span class='ocr_line' id='line_1_22' title="bbox 228 1726 534 1792; baseline 0.01 -18"><span class='ocrx_word' id='word_1_88' title='bbox 228 1753 260 1762; x_wconf 94' lang='grc'>-</span> <span class='ocrx_word' id='word_1_89' title='bbox 278 1726 361 1775; x_wconf 86' lang='lat' dir='ltr'>sancti</span> <span class='ocrx_word' id='word_1_90' title='bbox 378 1727 476 1792; x_wconf 80' lang='lat' dir='ltr'>priores</span> <span class='ocrx_word' id='word_1_91' title='bbox 494 1728 534 1777; x_wconf 80' lang='grc'>14.</span> 
     </span>
    </p>

    <p class='ocr_par' dir='ltr' id='par_1_18' title="bbox 194 1795 804 1861">
     <span class='ocr_line' id='line_1_23' title="bbox 194 1795 804 1861; baseline 0 -18"><span class='ocrx_word' id='word_1_92' title='bbox 194 1856 196 1861; x_wconf 25' lang='lat'><strong>⁴</strong></span> <span class='ocrx_word' id='word_1_93' title='bbox 228 1809 336 1843; x_wconf 89' lang='lat' dir='ltr'>-orum</span> <span class='ocrx_word' id='word_1_94' title='bbox 346 1796 512 1861; x_wconf 90' lang='lat' dir='ltr'>antiquorum</span> <span class='ocrx_word' id='word_1_95' title='bbox 517 1795 658 1845; x_wconf 86' lang='lat' dir='ltr'>catholicus</span> <span class='ocrx_word' id='word_1_96' title='bbox 668 1795 804 1845; x_wconf 82' lang='lat' dir='ltr'>sensue&#39;ltl.</span> 
     </span>
    </p>

    <p class='ocr_par' dir='ltr' id='par_1_19' title="bbox 229 1861 806 1931">
     <span class='ocr_line' id='line_1_24' title="bbox 229 1861 806 1931; baseline 0.002 -20"><span class='ocrx_word' id='word_1_97' title='bbox 229 1891 260 1899; x_wconf 90' lang='lat'>—</span> <span class='ocrx_word' id='word_1_98' title='bbox 280 1861 399 1930; x_wconf 78' lang='lat' dir='ltr'>decalogi</span> <span class='ocrx_word' id='word_1_99' title='bbox 417 1865 443 1913; x_wconf 94' lang='lat' dir='ltr'>in</span> <span class='ocrx_word' id='word_1_100' title='bbox 461 1863 559 1931; x_wconf 86' lang='lat' dir='ltr'>lingwa</span> <span class='ocrx_word' id='word_1_101' title='bbox 570 1865 651 1914; x_wconf 89' lang='lat' dir='ltr'>latina</span> <span class='ocrx_word' id='word_1_102' title='bbox 664 1870 691 1914; x_wconf 91' lang='lat' dir='ltr'>et</span> <span class='ocrx_word' id='word_1_103' title='bbox 702 1863 806 1929; x_wconf 86' lang='lat' dir='ltr'>anglica</span> 
     </span>
    </p>

    <p class='ocr_par' dir='ltr' id='par_1_20' title="bbox 229 2001 503 2065">
     <span class='ocr_line' id='line_1_25' title="bbox 229 2001 503 2065; baseline 0.015 -17"><span class='ocrx_word' id='word_1_104' title='bbox 229 2027 261 2036; x_wconf 97' lang='lat'><em>-</em></span> <span class='ocrx_word' id='word_1_105' title='bbox 280 2001 444 2065; x_wconf 83' lang='lat' dir='ltr'>experiencie</span> <span class='ocrx_word' id='word_1_106' title='bbox 463 2004 503 2052; x_wconf 83' lang='grc'>16.</span> 
     </span>
    </p>

    <p class='ocr_par' dir='ltr' id='par_1_21' title="bbox 229 2068 797 2137">
     <span class='ocr_line' id='line_1_26' title="bbox 229 2068 797 2137; baseline 0 -19"><span class='ocrx_word' id='word_1_107' title='bbox 229 2068 355 2118; x_wconf 83' lang='lat' dir='ltr'>Doctrina</span> <span class='ocrx_word' id='word_1_108' title='bbox 372 2070 482 2120; x_wconf 88' lang='lat' dir='ltr'>salubris</span> <span class='ocrx_word' id='word_1_109' title='bbox 500 2071 590 2137; x_wconf 90' lang='lat' dir='ltr'>generi</span> <span class='ocrx_word' id='word_1_110' title='bbox 607 2071 721 2120; x_wconf 88' lang='lat' dir='ltr'>humano</span> <span class='ocrx_word' id='word_1_111' title='bbox 739 2070 797 2119; x_wconf 88' lang='grc'><strong>206.</strong></span> 
     </span>
    </p>

    <p class='ocr_par' dir='ltr' id='par_1_22' title="bbox 230 2137 807 2256">
     <span class='ocr_line' id='line_1_27' title="bbox 230 2137 807 2206; baseline 0.002 -20"><span class='ocrx_word' id='word_1_112' title='bbox 230 2137 357 2187; x_wconf 88' lang='lat' dir='ltr'>-Pauli</span> <span class='ocrx_word' id='word_1_113' title='bbox 382 2139 471 2204; x_wconf 89' lang='lat' dir='ltr'>pocior</span> <span class='ocrx_word' id='word_1_114' title='bbox 497 2155 576 2205; x_wconf 90' lang='lat' dir='ltr'>quam</span> <span class='ocrx_word' id='word_1_115' title='bbox 606 2139 697 2206; x_wconf 86' lang='lat' dir='ltr'>regule</span> <span class='ocrx_word' id='word_1_116' title='bbox 724 2145 807 2188; x_wconf 87' lang='lat' dir='ltr'>secta-</span> 
     </span>
     <span class='ocr_line' id='line_1_28' title="bbox 264 2207 380 2256; baseline 0.017 -2"><span class='ocrx_word' id='word_1_117' title='bbox 264 2220 321 2254; x_wconf 90' lang='lat' dir='ltr'>rum</span> <span class='ocrx_word' id='word_1_118' title='bbox 339 2207 380 2256; x_wconf 94' lang='grc'>21.</span> 
     </span>
    </p>

    <p class='ocr_par' dir='ltr' id='par_1_23' title="bbox 230 2276 675 2340">
     <span class='ocr_line' id='line_1_29' title="bbox 230 2276 675 2340; baseline 0.004 -17"><span class='ocrx_word' id='word_1_119' title='bbox 230 2301 261 2312; x_wconf 88' lang='grc'>-</span> <span class='ocrx_word' id='word_1_120' title='bbox 280 2289 328 2339; x_wconf 90' lang='lat' dir='ltr'>per</span> <span class='ocrx_word' id='word_1_121' title='bbox 344 2276 475 2340; x_wconf 84' lang='lat' dir='ltr'>apostolos</span> <span class='ocrx_word' id='word_1_122' title='bbox 491 2277 599 2326; x_wconf 85' lang='lat' dir='ltr'>inventa</span> <span class='ocrx_word' id='word_1_123' title='bbox 617 2277 675 2327; x_wconf 82' lang='grc'><strong>261.</strong></span> 
     </span>
    </p>

    <p class='ocr_par' dir='ltr' id='par_1_24' title="bbox 231 2344 668 2409">
     <span class='ocr_line' id='line_1_30' title="bbox 231 2344 668 2409; baseline 0.005 -17"><span class='ocrx_word' id='word_1_124' title='bbox 231 2370 262 2379; x_wconf 90' lang='grc'>-</span> <span class='ocrx_word' id='word_1_125' title='bbox 280 2344 401 2408; x_wconf 89' lang='lat' dir='ltr'>specialis</span> <span class='ocrx_word' id='word_1_126' title='bbox 418 2344 451 2394; x_wconf 92' lang='lat' dir='ltr'>de</span> <span class='ocrx_word' id='word_1_127' title='bbox 470 2345 593 2409; x_wconf 82' lang='lat' dir='ltr'>dyaconis</span> <span class='ocrx_word' id='word_1_128' title='bbox 610 2346 668 2395; x_wconf 89' lang='grc'><strong>266.</strong></span> 
     </span>
    </p>

    <p class='ocr_par' dir='ltr' id='par_1_25' title="bbox 230 2411 481 2477">
     <span class='ocr_line' id='line_1_31' title="bbox 230 2411 481 2477; baseline 0.012 -18"><span class='ocrx_word' id='word_1_129' title='bbox 230 2439 262 2447; x_wconf 89' lang='grc'>-</span> <span class='ocrx_word' id='word_1_130' title='bbox 282 2411 423 2477; x_wconf 89' lang='lat' dir='ltr'>spiritualis</span> <span class='ocrx_word' id='word_1_131' title='bbox 440 2414 481 2462; x_wconf 94' lang='grc'>21.</span> 
     </span>
    </p>

    <p class='ocr_par' dir='ltr' id='par_1_26' title="bbox 231 2481 808 2533">
     <span class='ocr_line' id='line_1_32' title="bbox 231 2481 808 2533; baseline 0.003 -5"><span class='ocrx_word' id='word_1_132' title='bbox 231 2494 325 2528; x_wconf 90' lang='lat' dir='ltr'>-nam</span> <span class='ocrx_word' id='word_1_133' title='bbox 352 2481 504 2532; x_wconf 87' lang='lat' dir='ltr'>obediencie</span> <span class='ocrx_word' id='word_1_134' title='bbox 526 2489 597 2533; x_wconf 89' lang='lat' dir='ltr'>secte</span> <span class='ocrx_word' id='word_1_135' title='bbox 623 2498 675 2531; x_wconf 94' lang='lat' dir='ltr'>non</span> <span class='ocrx_word' id='word_1_136' title='bbox 702 2487 808 2531; x_wconf 83' lang='lat' dir='ltr'>servant</span> 
     </span>
    </p>

    <p class='ocr_par' dir='ltr' id='par_1_27' title="bbox 230 2615 807 2750">
     <span class='ocr_line' id='line_1_33' title="bbox 230 2615 807 2668; baseline 0.002 -2"><span class='ocrx_word' id='word_1_137' title='bbox 230 2615 264 2666; x_wconf 83' lang='lat' dir='ltr'>ad</span> <span class='ocrx_word' id='word_1_138' title='bbox 291 2643 323 2652; x_wconf 95' lang='lat'>-</span> <span class='ocrx_word' id='word_1_139' title='bbox 347 2617 456 2667; x_wconf 83' lang='lat' dir='ltr'>ecclesie</span> <span class='ocrx_word' id='word_1_140' title='bbox 475 2617 573 2668; x_wconf 80' lang='lat' dir='ltr'>Crisuts</span> <span class='ocrx_word' id='word_1_141' title='bbox 594 2618 742 2668; x_wconf 84' lang='lat' dir='ltr'>necessaria</span> <span class='ocrx_word' id='word_1_142' title='bbox 764 2633 807 2668; x_wconf 82' lang='lat' dir='ltr'>ex-</span> 
     </span>
     <span class='ocr_line' id='line_1_34' title="bbox 264 2684 468 2750; baseline 0.005 -16"><span class='ocrx_word' id='word_1_143' title='bbox 264 2684 394 2750; x_wconf 89' lang='lat' dir='ltr'>primebat</span> <span class='ocrx_word' id='word_1_144' title='bbox 410 2686 468 2735; x_wconf 88' lang='grc'><strong>266.</strong></span> 
     </span>
    </p>

    <p class='ocr_par' dir='ltr' id='par_1_28' title="bbox 230 2753 755 2805">
     <span class='ocr_line' id='line_1_35' title="bbox 230 2753 755 2805; baseline 0.006 -3"><span class='ocrx_word' id='word_1_145' title='bbox 230 2753 257 2803; x_wconf 84' lang='grc'>16</span> <span class='ocrx_word' id='word_1_146' title='bbox 275 2754 353 2803; x_wconf 83' lang='grc'><strong>-166</strong></span> <span class='ocrx_word' id='word_1_147' title='bbox 370 2753 484 2804; x_wconf 86' lang='lat' dir='ltr'>utilitate</span> <span class='ocrx_word' id='word_1_148' title='bbox 501 2761 553 2805; x_wconf 88' lang='lat' dir='ltr'>stat</span> <span class='ocrx_word' id='word_1_149' title='bbox 570 2754 679 2805; x_wconf 88' lang='lat' dir='ltr'>dileccio</span> <span class='ocrx_word' id='word_1_150' title='bbox 697 2756 755 2805; x_wconf 93' lang='grc'><strong>266.</strong></span> 
     </span>
    </p>

    <p class='ocr_par' dir='ltr' id='par_1_29' title="bbox 230 2822 808 2941">
     <span class='ocr_line' id='line_1_36' title="bbox 230 2822 808 2889; baseline 0.003 -18"><span class='ocrx_word' id='word_1_151' title='bbox 230 2822 416 2889; x_wconf 84' lang='lat' dir='ltr'>Dogmatizant</span> <span class='ocrx_word' id='word_1_152' title='bbox 433 2830 504 2874; x_wconf 88' lang='lat' dir='ltr'>secte</span> <span class='ocrx_word' id='word_1_153' title='bbox 521 2824 626 2874; x_wconf 84' lang='lat' dir='ltr'>hereses</span> <span class='ocrx_word' id='word_1_154' title='bbox 650 2823 726 2873; x_wconf 89' lang='lat' dir='ltr'>nimis</span> <span class='ocrx_word' id='word_1_155' title='bbox 744 2824 808 2873; x_wconf 92' lang='lat' dir='ltr'>mnl-</span> 
     </span>
     <span class='ocr_line' id='line_1_37' title="bbox 265 2892 379 2941; baseline 0.009 -1"><span class='ocrx_word' id='word_1_156' title='bbox 265 2892 379 2941; x_wconf 82' lang='lat' dir='ltr'>tas143.</span> 
     </span>
    </p>

    <p class='ocr_par' dir='ltr' id='par_1_30' title="bbox 230 2959 808 3025">
     <span class='ocr_line' id='line_1_38' title="bbox 230 2959 808 3025; baseline 0.007 -17"><span class='ocrx_word' id='word_1_157' title='bbox 230 2959 363 3025; x_wconf 79' lang='lat' dir='ltr'>Dogmata</span> <span class='ocrx_word' id='word_1_158' title='bbox 380 2974 449 3009; x_wconf 79' lang='lat' dir='ltr'>nova</span> <span class='ocrx_word' id='word_1_159' title='bbox 461 2960 589 3010; x_wconf 88' lang='lat' dir='ltr'>seminata</span> <span class='ocrx_word' id='word_1_160' title='bbox 600 2976 617 3010; x_wconf 86' lang='lat' dir='ltr'>a</span> <span class='ocrx_word' id='word_1_161' title='bbox 628 2960 751 3012; x_wconf 82' lang='lat' dir='ltr'>iratribus</span> <span class='ocrx_word' id='word_1_162' title='bbox 767 2964 808 3012; x_wconf 86' lang='grc'>36.</span> 
     </span>
    </p>

    <p class='ocr_par' dir='ltr' id='par_1_31' title="bbox 232 3028 641 3094">
     <span class='ocr_line' id='line_1_39' title="bbox 232 3028 641 3094; baseline 0.005 -16"><span class='ocrx_word' id='word_1_163' title='bbox 232 3029 298 3078; x_wconf 90' lang='lat' dir='ltr'>—tis</span> <span class='ocrx_word' id='word_1_164' title='bbox 315 3029 441 3078; x_wconf 82' lang='lat' dir='ltr'>anticristi</span> <span class='ocrx_word' id='word_1_165' title='bbox 458 3028 565 3094; x_wconf 87' lang='lat' dir='ltr'>perfidie</span> <span class='ocrx_word' id='word_1_166' title='bbox 584 3031 641 3080; x_wconf 85' lang='grc'><strong>396.</strong></span> 
     </span>
    </p>

    <p class='ocr_par' dir='ltr' id='par_1_32' title="bbox 232 3097 808 3216">
     <span class='ocr_line' id='line_1_40' title="bbox 232 3097 808 3150; baseline 0.009 -5"><span class='ocrx_word' id='word_1_167' title='bbox 232 3097 286 3145; x_wconf 89' lang='lat' dir='ltr'>-ti</span> <span class='ocrx_word' id='word_1_168' title='bbox 311 3097 462 3147; x_wconf 84' lang='lat' dir='ltr'>tradicionis</span> <span class='ocrx_word' id='word_1_169' title='bbox 487 3098 602 3149; x_wconf 85' lang='lat' dir='ltr'>humane</span> <span class='ocrx_word' id='word_1_170' title='bbox 628 3105 698 3149; x_wconf 85' lang='lat' dir='ltr'>secte</span> <span class='ocrx_word' id='word_1_171' title='bbox 725 3099 808 3150; x_wconf 88' lang='lat' dir='ltr'>inten-</span> 
     </span>
     <span class='ocr_line' id='line_1_41' title="bbox 265 3165 406 3216; baseline 0.007 -1"><span class='ocrx_word' id='word_1_172' title='bbox 265 3165 331 3216; x_wconf 90' lang='lat' dir='ltr'>dunt</span> <span class='ocrx_word' id='word_1_173' title='bbox 348 3167 406 3216; x_wconf 85' lang='lat'><strong>210.</strong></span> 
     </span>
    </p>

    <p class='ocr_par' dir='ltr' id='par_1_33' title="bbox 231 3234 688 3287">
     <span class='ocr_line' id='line_1_42' title="bbox 231 3234 688 3287; baseline 0.007 -4"><span class='ocrx_word' id='word_1_174' title='bbox 231 3234 328 3285; x_wconf 92' lang='lat' dir='ltr'>Dolere</span> <span class='ocrx_word' id='word_1_175' title='bbox 345 3235 472 3285; x_wconf 91' lang='lat' dir='ltr'>debemus</span> <span class='ocrx_word' id='word_1_176' title='bbox 489 3236 612 3285; x_wconf 90' lang='lat' dir='ltr'>continue</span> <span class='ocrx_word' id='word_1_177' title='bbox 632 3237 688 3287; x_wconf 92' lang='grc'><strong>124.</strong></span> 
     </span>
    </p>

    <p class='ocr_par' dir='ltr' id='par_1_34' title="bbox 231 3302 693 3356">
     <span class='ocr_line' id='line_1_43' title="bbox 231 3302 693 3356; baseline 0.004 -4"><span class='ocrx_word' id='word_1_178' title='bbox 231 3302 313 3353; x_wconf 92' lang='lat' dir='ltr'>Dolor</span> <span class='ocrx_word' id='word_1_179' title='bbox 330 3303 491 3354; x_wconf 87' lang='lat' dir='ltr'>mendicacic</span> <span class='ocrx_word' id='word_1_180' title='bbox 510 3317 562 3353; x_wconf 87' lang='lat' dir='ltr'>non</span> <span class='ocrx_word' id='word_1_181' title='bbox 579 3311 620 3354; x_wconf 93' lang='lat' dir='ltr'>est</span> <span class='ocrx_word' id='word_1_182' title='bbox 637 3307 693 3356; x_wconf 89' lang='grc'><strong>169.</strong></span> 
     </span>
    </p>

    <p class='ocr_par' dir='ltr' id='par_1_35' title="bbox 232 3371 809 3442">
     <span class='ocr_line' id='line_1_44' title="bbox 232 3371 809 3442; baseline 0.003 -22"><span class='ocrx_word' id='word_1_183' title='bbox 232 3371 317 3421; x_wconf 88' lang='lat' dir='ltr'>Dema</span> <span class='ocrx_word' id='word_1_184' title='bbox 327 3373 370 3423; x_wconf 79' lang='lat' dir='ltr'>vel</span> <span class='ocrx_word' id='word_1_185' title='bbox 379 3378 477 3424; x_wconf 90' lang='lat' dir='ltr'>tectum</span> <span class='ocrx_word' id='word_1_186' title='bbox 486 3373 671 3439; x_wconf 87' lang='lat' dir='ltr'>interpretatur</span> <span class='ocrx_word' id='word_1_187' title='bbox 679 3373 739 3442; x_wconf 81' lang='lat' dir='ltr'>Gog</span> <span class='ocrx_word' id='word_1_188' title='bbox 750 3375 809 3424; x_wconf 86' lang='grc'><strong>396.</strong></span> 
     </span>
    </p>

    <p class='ocr_par' dir='ltr' id='par_1_36' title="bbox 232 3439 809 3507">
     <span class='ocr_line' id='line_1_45' title="bbox 232 3439 809 3507; baseline 0.003 -18"><span class='ocrx_word' id='word_1_189' title='bbox 232 3439 404 3491; x_wconf 86' lang='lat' dir='ltr'>Domesticari</span> <span class='ocrx_word' id='word_1_190' title='bbox 426 3457 479 3490; x_wconf 91' lang='grc'>666</span> <span class='ocrx_word' id='word_1_191' title='bbox 502 3450 611 3507; x_wconf 87' lang='lat' dir='ltr'>possunt</span> <span class='ocrx_word' id='word_1_192' title='bbox 628 3442 733 3507; x_wconf 87' lang='lat' dir='ltr'>dyaboli</span> <span class='ocrx_word' id='word_1_193' title='bbox 751 3443 809 3493; x_wconf 87' lang='grc'><strong>363.</strong></span> 
     </span>
    </p>

    <p class='ocr_par' dir='ltr' id='par_1_37' title="bbox 232 3510 809 3629">
     <span class='ocr_line' id='line_1_46' title="bbox 232 3510 809 3562; baseline 0.005 -5"><span class='ocrx_word' id='word_1_194' title='bbox 232 3524 291 3558; x_wconf 91' lang='lat' dir='ltr'>cum</span> <span class='ocrx_word' id='word_1_195' title='bbox 304 3510 456 3560; x_wconf 86' lang='lat' dir='ltr'>Domicellis</span> <span class='ocrx_word' id='word_1_196' title='bbox 473 3511 612 3561; x_wconf 87' lang='lat' dir='ltr'>iuvenibus</span> <span class='ocrx_word' id='word_1_197' title='bbox 623 3511 742 3562; x_wconf 88' lang='lat' dir='ltr'>habitant</span> <span class='ocrx_word' id='word_1_198' title='bbox 759 3511 809 3560; x_wconf 82' lang='lat' dir='ltr'>fra-</span> 
     </span>
     <span class='ocr_line' id='line_1_47' title="bbox 267 3579 504 3629; baseline 0.004 -2"><span class='ocrx_word' id='word_1_199' title='bbox 267 3583 319 3627; x_wconf 87' lang='lat' dir='ltr'>tres</span> <span class='ocrx_word' id='word_1_200' title='bbox 337 3579 446 3629; x_wconf 85' lang='lat' dir='ltr'>iuvenes</span> <span class='ocrx_word' id='word_1_201' title='bbox 464 3580 504 3629; x_wconf 87' lang='grc'>66.</span> 
     </span>
    </p>

    <p class='ocr_par' dir='ltr' id='par_1_38' title="bbox 232 3645 663 3714">
     <span class='ocr_line' id='line_1_48' title="bbox 232 3645 663 3714; baseline 0.005 -20"><span class='ocrx_word' id='word_1_202' title='bbox 232 3645 388 3697; x_wconf 86' lang='lat' dir='ltr'>Dominacio</span> <span class='ocrx_word' id='word_1_203' title='bbox 405 3647 502 3697; x_wconf 88' lang='lat' dir='ltr'>iniusta</span> <span class='ocrx_word' id='word_1_204' title='bbox 519 3663 587 3714; x_wconf 91' lang='lat' dir='ltr'>pape</span> <span class='ocrx_word' id='word_1_205' title='bbox 606 3650 663 3698; x_wconf 88' lang='grc'><strong>561.</strong></span> 
     </span>
    </p>

    <p class='ocr_par' dir='ltr' id='par_1_39' title="bbox 234 3716 811 3849">
     <span class='ocr_line' id='line_1_49' title="bbox 234 3716 811 3782; baseline 0 -17"><span class='ocrx_word' id='word_1_206' title='bbox 234 3737 266 3750; x_wconf 88' lang='lat'><em>—</em></span> <span class='ocrx_word' id='word_1_207' title='bbox 292 3716 417 3765; x_wconf 86' lang='lat' dir='ltr'>secularis</span> <span class='ocrx_word' id='word_1_208' title='bbox 446 3716 559 3767; x_wconf 86' lang='lat' dir='ltr'>maxime</span> <span class='ocrx_word' id='word_1_209' title='bbox 588 3716 702 3782; x_wconf 85' lang='lat' dir='ltr'>pertinet</span> <span class='ocrx_word' id='word_1_210' title='bbox 731 3716 811 3782; x_wconf 88' lang='lat' dir='ltr'>capiti</span> 
     </span>
     <span class='ocr_line' id='line_1_50' title="bbox 267 3784 514 3849; baseline 0.004 -16"><span class='ocrx_word' id='word_1_211' title='bbox 267 3789 338 3833; x_wconf 82' lang='lat' dir='ltr'>secte</span> <span class='ocrx_word' id='word_1_212' title='bbox 356 3785 438 3849; x_wconf 88' lang='lat' dir='ltr'>prime</span> <span class='ocrx_word' id='word_1_213' title='bbox 456 3784 514 3834; x_wconf 79' lang='grc'><strong>281.</strong></span> 
     </span>
    </p>

    <p class='ocr_par' dir='ltr' id='par_1_40' title="bbox 233 3852 587 3918">
     <span class='ocr_line' id='line_1_51' title="bbox 233 3852 587 3918; baseline 0.003 -17"><span class='ocrx_word' id='word_1_214' title='bbox 233 3877 267 3889; x_wconf 91' lang='grc'><strong>-</strong></span> <span class='ocrx_word' id='word_1_215' title='bbox 285 3867 353 3917; x_wconf 86' lang='grc'><strong>6666</strong></span> <span class='ocrx_word' id='word_1_216' title='bbox 370 3853 396 3902; x_wconf 83' lang='grc'>16</span> <span class='ocrx_word' id='word_1_217' title='bbox 415 3852 511 3918; x_wconf 81' lang='lat' dir='ltr'>Anglia</span> <span class='ocrx_word' id='word_1_218' title='bbox 529 3854 587 3904; x_wconf 82' lang='grc'><strong>685.</strong></span> 
     </span>
    </p>
   </div>
   <div class='ocr_carea' id='block_1_5' title="bbox 852 352 1540 3767">
    <p class='ocr_par' dir='ltr' id='par_1_41' title="bbox 852 352 1199 420">
     <span class='ocr_line' id='line_1_52' title="bbox 852 352 1199 420; baseline -0.003 -17"><span class='ocrx_word' id='word_1_219' title='bbox 852 381 884 390; x_wconf 92' lang='grc'><strong>-</strong></span> <span class='ocrx_word' id='word_1_220' title='bbox 903 352 1036 403; x_wconf 83' lang='lat' dir='ltr'>mundana</span> <span class='ocrx_word' id='word_1_221' title='bbox 1053 368 1121 420; x_wconf 88' lang='grc'><strong>6666</strong></span> <span class='ocrx_word' id='word_1_222' title='bbox 1140 353 1199 405; x_wconf 82' lang='grc'><strong>682.</strong></span> 
     </span>
    </p>

    <p class='ocr_par' dir='ltr' id='par_1_42' title="bbox 853 420 1524 488">
     <span class='ocr_line' id='line_1_53' title="bbox 853 420 1524 488; baseline -0.004 -17"><span class='ocrx_word' id='word_1_223' title='bbox 853 437 971 488; x_wconf 86' lang='lat' dir='ltr'>—pape</span> <span class='ocrx_word' id='word_1_224' title='bbox 1003 438 1082 488; x_wconf 90' lang='lat' dir='ltr'>super</span> <span class='ocrx_word' id='word_1_225' title='bbox 1109 422 1199 473; x_wconf 85' lang='lat' dir='ltr'>omnia</span> <span class='ocrx_word' id='word_1_226' title='bbox 1226 420 1320 472; x_wconf 89' lang='lat' dir='ltr'>mundi</span> <span class='ocrx_word' id='word_1_227' title='bbox 1347 433 1524 487; x_wconf 70' lang='lat' dir='ltr'>regu-ra</span> 
     </span>
    </p>

    <p class='ocr_par' dir='ltr' id='par_1_43' title="bbox 852 559 1520 679">
     <span class='ocr_line' id='line_1_54' title="bbox 852 559 1520 626; baseline -0.001 -17"><span class='ocrx_word' id='word_1_228' title='bbox 852 588 885 596; x_wconf 98' lang='lat'>—</span> <span class='ocrx_word' id='word_1_229' title='bbox 904 559 1066 611; x_wconf 85' lang='lat' dir='ltr'>sacerdotum</span> <span class='ocrx_word' id='word_1_230' title='bbox 1084 560 1154 626; x_wconf 89' lang='lat' dir='ltr'>qnod</span> <span class='ocrx_word' id='word_1_231' title='bbox 1176 576 1230 610; x_wconf 93' lang='lat' dir='ltr'>non</span> <span class='ocrx_word' id='word_1_232' title='bbox 1247 559 1308 626; x_wconf 86' lang='lat' dir='ltr'>plns</span> <span class='ocrx_word' id='word_1_233' title='bbox 1324 559 1520 609; x_wconf 58' lang='grc'><strong>16666661.</strong></span> 
     </span>
     <span class='ocr_line' id='line_1_55' title="bbox 887 628 1250 679; baseline 0 0"><span class='ocrx_word' id='word_1_234' title='bbox 887 628 975 679; x_wconf 90' lang='lat' dir='ltr'>multis</span> <span class='ocrx_word' id='word_1_235' title='bbox 991 628 1116 679; x_wconf 87' lang='lat' dir='ltr'>credibile</span> <span class='ocrx_word' id='word_1_236' title='bbox 1133 635 1174 679; x_wconf 91' lang='lat' dir='ltr'>est</span> <span class='ocrx_word' id='word_1_237' title='bbox 1190 628 1250 679; x_wconf 80' lang='grc'><strong>219.</strong></span> 
     </span>
    </p>

    <p class='ocr_par' dir='ltr' id='par_1_44' title="bbox 853 697 1295 760">
     <span class='ocr_line' id='line_1_56' title="bbox 853 697 1295 760; baseline 0 -14"><span class='ocrx_word' id='word_1_238' title='bbox 853 723 885 733; x_wconf 90' lang='grc'>-</span> <span class='ocrx_word' id='word_1_239' title='bbox 904 698 1036 760; x_wconf 85' lang='lat' dir='ltr'>superflua</span> <span class='ocrx_word' id='word_1_240' title='bbox 1052 697 1217 748; x_wconf 86' lang='lat' dir='ltr'>sacerdotum</span> <span class='ocrx_word' id='word_1_241' title='bbox 1236 697 1295 747; x_wconf 92' lang='grc'><strong>101.</strong></span> 
     </span>
    </p>

    <p class='ocr_par' dir='ltr' id='par_1_45' title="bbox 853 765 1334 817">
     <span class='ocr_line' id='line_1_57' title="bbox 853 765 1334 817; baseline 0.004 -3"><span class='ocrx_word' id='word_1_242' title='bbox 853 766 987 816; x_wconf 85' lang='lat' dir='ltr'>Dominari</span> <span class='ocrx_word' id='word_1_243' title='bbox 1005 766 1090 817; x_wconf 89' lang='lat' dir='ltr'>clerus</span> <span class='ocrx_word' id='word_1_244' title='bbox 1106 783 1160 816; x_wconf 92' lang='lat' dir='ltr'>non</span> <span class='ocrx_word' id='word_1_245' title='bbox 1178 765 1258 816; x_wconf 88' lang='lat' dir='ltr'>debet</span> <span class='ocrx_word' id='word_1_246' title='bbox 1274 766 1334 816; x_wconf 87' lang='grc'><strong>246.</strong></span> 
     </span>
    </p>

    <p class='ocr_par' dir='ltr' id='par_1_46' title="bbox 853 834 1222 887">
     <span class='ocr_line' id='line_1_58' title="bbox 853 834 1222 887; baseline 0.005 -4"><span class='ocrx_word' id='word_1_247' title='bbox 853 834 1024 884; x_wconf 90' lang='lat' dir='ltr'>Dominarum</span> <span class='ocrx_word' id='word_1_248' title='bbox 1042 836 1164 886; x_wconf 83' lang='lat' dir='ltr'>cubicula</span> <span class='ocrx_word' id='word_1_249' title='bbox 1181 836 1222 887; x_wconf 89' lang='grc'>96.</span> 
     </span>
    </p>

    <p class='ocr_par' dir='ltr' id='par_1_47' title="bbox 855 902 1524 1022">
     <span class='ocr_line' id='line_1_59' title="bbox 855 902 1524 969; baseline -0.001 -18"><span class='ocrx_word' id='word_1_250' title='bbox 855 903 953 952; x_wconf 83' lang='lat' dir='ltr'>-abus</span> <span class='ocrx_word' id='word_1_251' title='bbox 971 903 1086 969; x_wconf 87' lang='lat' dir='ltr'>hospicia</span> <span class='ocrx_word' id='word_1_252' title='bbox 1112 903 1220 954; x_wconf 86' lang='lat' dir='ltr'>meliora</span> <span class='ocrx_word' id='word_1_253' title='bbox 1240 910 1363 953; x_wconf 75' lang='lat' dir='ltr'>manunt</span> <span class='ocrx_word' id='word_1_254' title='bbox 1382 902 1524 952; x_wconf 65' lang='lat' dir='ltr'>irs-1⁸·</span> 
     </span>
     <span class='ocr_line' id='line_1_60' title="bbox 888 973 1003 1022; baseline 0 -1"><span class='ocrx_word' id='word_1_255' title='bbox 888 977 940 1021; x_wconf 88' lang='lat' dir='ltr'>tres</span> <span class='ocrx_word' id='word_1_256' title='bbox 961 973 1003 1022; x_wconf 95' lang='grc'>64.</span> 
     </span>
    </p>

    <p class='ocr_par' dir='ltr' id='par_1_48' title="bbox 855 1040 1527 1114">
     <span class='ocr_line' id='line_1_61' title="bbox 855 1040 1527 1114; baseline 0.003 -25"><span class='ocrx_word' id='word_1_257' title='bbox 855 1040 979 1090; x_wconf 72' lang='lat' dir='ltr'>Dominis</span> <span class='ocrx_word' id='word_1_258' title='bbox 997 1040 1134 1106; x_wconf 84' lang='lat' dir='ltr'>disponere</span> <span class='ocrx_word' id='word_1_259' title='bbox 1151 1040 1221 1107; x_wconf 83' lang='lat' dir='ltr'>regis</span> <span class='ocrx_word' id='word_1_260' title='bbox 1237 1046 1279 1091; x_wconf 85' lang='lat' dir='ltr'>est</span> <span class='ocrx_word' id='word_1_261' title='bbox 1296 1041 1356 1091; x_wconf 87' lang='grc'><strong>249.</strong></span> <span class='ocrx_word' id='word_1_262' title='bbox 1478 1101 1499 1113; x_wconf 45' lang='lat'>.-</span> <span class='ocrx_word' id='word_1_263' title='bbox 1522 1102 1527 1114; x_wconf 39' lang='grc'>1</span> 
     </span>
    </p>

    <p class='ocr_par' dir='ltr' id='par_1_49' title="bbox 855 1107 1529 1228">
     <span class='ocr_line' id='line_1_62' title="bbox 855 1107 1529 1160; baseline 0 -2"><span class='ocrx_word' id='word_1_264' title='bbox 855 1135 887 1144; x_wconf 97' lang='grc'>-</span> <span class='ocrx_word' id='word_1_265' title='bbox 906 1109 985 1159; x_wconf 88' lang='lat' dir='ltr'>stulte</span> <span class='ocrx_word' id='word_1_266' title='bbox 1003 1109 1100 1159; x_wconf 86' lang='lat' dir='ltr'>donata</span> <span class='ocrx_word' id='word_1_267' title='bbox 1117 1125 1163 1160; x_wconf 84' lang='lat' dir='ltr'>rex</span> <span class='ocrx_word' id='word_1_268' title='bbox 1184 1108 1348 1159; x_wconf 81' lang='lat' dir='ltr'>ordinacioni</span> <span class='ocrx_word' id='word_1_269' title='bbox 1359 1107 1529 1159; x_wconf 59' lang='lat' dir='ltr'>cna-nst</span> 
     </span>
     <span class='ocr_line' id='line_1_63' title="bbox 888 1177 1170 1228; baseline 0.007 -2"><span class='ocrx_word' id='word_1_270' title='bbox 888 1177 997 1228; x_wconf 84' lang='lat' dir='ltr'>reddere</span> <span class='ocrx_word' id='word_1_271' title='bbox 1015 1178 1094 1228; x_wconf 85' lang='lat' dir='ltr'>debet</span> <span class='ocrx_word' id='word_1_272' title='bbox 1110 1178 1170 1228; x_wconf 83' lang='grc'><strong>249.</strong></span> 
     </span>
    </p>

    <p class='ocr_par' dir='ltr' id='par_1_50' title="bbox 856 1246 1376 1312">
     <span class='ocr_line' id='line_1_64' title="bbox 856 1246 1376 1312; baseline 0.002 -16"><span class='ocrx_word' id='word_1_273' title='bbox 856 1273 887 1281; x_wconf 97' lang='grc'>-</span> <span class='ocrx_word' id='word_1_274' title='bbox 905 1247 1088 1312; x_wconf 88' lang='lat' dir='ltr'>temporalium</span> <span class='ocrx_word' id='word_1_275' title='bbox 1106 1261 1175 1312; x_wconf 88' lang='grc'><strong>6666</strong></span> <span class='ocrx_word' id='word_1_276' title='bbox 1191 1246 1300 1297; x_wconf 77' lang='lat' dir='ltr'>affectat</span> <span class='ocrx_word' id='word_1_277' title='bbox 1316 1248 1376 1297; x_wconf 87' lang='grc'><strong>591.</strong></span> 
     </span>
    </p>

    <p class='ocr_par' dir='ltr' id='par_1_51' title="bbox 857 1316 1121 1366">
     <span class='ocr_line' id='line_1_65' title="bbox 857 1316 1121 1366; baseline 0.008 -3"><span class='ocrx_word' id='word_1_278' title='bbox 857 1341 886 1350; x_wconf 95' lang='grc'>-</span> <span class='ocrx_word' id='word_1_279' title='bbox 906 1316 1045 1365; x_wconf 79' lang='lat' dir='ltr'>transferre</span> <span class='ocrx_word' id='word_1_280' title='bbox 1063 1316 1121 1366; x_wconf 77' lang='grc'><strong>241.</strong></span> 
     </span>
    </p>

    <p class='ocr_par' dir='ltr' id='par_1_52' title="bbox 856 1379 1528 1518">
     <span class='ocr_line' id='line_1_66' title="bbox 856 1379 1528 1435; baseline -0.004 -2"><span class='ocrx_word' id='word_1_281' title='bbox 856 1409 887 1418; x_wconf 92' lang='lat'>-</span> <span class='ocrx_word' id='word_1_282' title='bbox 907 1383 1059 1434; x_wconf 85' lang='lat' dir='ltr'>mortificata</span> <span class='ocrx_word' id='word_1_283' title='bbox 1070 1384 1104 1434; x_wconf 86' lang='lat' dir='ltr'>ad</span> <span class='ocrx_word' id='word_1_284' title='bbox 1118 1399 1226 1435; x_wconf 82' lang='lat' dir='ltr'>manum</span> <span class='ocrx_word' id='word_1_285' title='bbox 1243 1383 1334 1434; x_wconf 78' lang='lat' dir='ltr'>vivam</span> <span class='ocrx_word' id='word_1_286' title='bbox 1351 1382 1405 1433; x_wconf 87' lang='lat' dir='ltr'>redi</span> <span class='ocrx_word' id='word_1_287' title='bbox 1421 1379 1528 1430; x_wconf 67' lang='lat' dir='ltr'>ffire</span> 
     </span>
     <span class='ocr_line' id='line_1_67' title="bbox 890 1453 1073 1518; baseline 0 -16"><span class='ocrx_word' id='word_1_288' title='bbox 890 1459 997 1518; x_wconf 87' lang='lat' dir='ltr'>possunt</span> <span class='ocrx_word' id='word_1_289' title='bbox 1015 1453 1073 1503; x_wconf 87' lang='grc'><strong>262.</strong></span> 
     </span>
    </p>

    <p class='ocr_par' dir='ltr' id='par_1_53' title="bbox 857 1521 1242 1588">
     <span class='ocr_line' id='line_1_68' title="bbox 857 1521 1242 1588; baseline 0.005 -18"><span class='ocrx_word' id='word_1_290' title='bbox 857 1522 991 1571; x_wconf 89' lang='lat' dir='ltr'>-uiorum</span> <span class='ocrx_word' id='word_1_291' title='bbox 1008 1527 1167 1588; x_wconf 85' lang='lat' dir='ltr'>conquestus</span> <span class='ocrx_word' id='word_1_292' title='bbox 1183 1521 1242 1572; x_wconf 77' lang='lat' dir='ltr'>att.</span> 
     </span>
    </p>

    <p class='ocr_par' dir='ltr' id='par_1_54' title="bbox 856 1587 1522 1656">
     <span class='ocr_line' id='line_1_69' title="bbox 856 1587 1522 1656; baseline 0.002 -18"><span class='ocrx_word' id='word_1_293' title='bbox 856 1590 934 1639; x_wconf 92' lang='lat' dir='ltr'>-nio</span> <span class='ocrx_word' id='word_1_294' title='bbox 943 1590 1055 1639; x_wconf 85' lang='lat' dir='ltr'>seculari</span> <span class='ocrx_word' id='word_1_295' title='bbox 1063 1590 1199 1656; x_wconf 86' lang='lat' dir='ltr'>presbiteri</span> <span class='ocrx_word' id='word_1_296' title='bbox 1210 1596 1273 1640; x_wconf 86' lang='lat' dir='ltr'>sunt</span> <span class='ocrx_word' id='word_1_297' title='bbox 1284 1589 1369 1640; x_wconf 81' lang='lat' dir='ltr'>dotati</span> <span class='ocrx_word' id='word_1_298' title='bbox 1377 1587 1522 1639; x_wconf 49' lang='lat' dir='ltr'>azia</span> 
     </span>
    </p>

    <p class='ocr_par' dir='ltr' id='par_1_55' title="bbox 857 1657 1521 1862">
     <span class='ocr_line' id='line_1_70' title="bbox 857 1657 1521 1724; baseline 0 -17"><span class='ocrx_word' id='word_1_299' title='bbox 857 1683 890 1694; x_wconf 94' lang='lat'><em>-</em></span> <span class='ocrx_word' id='word_1_300' title='bbox 917 1659 1043 1724; x_wconf 86' lang='lat' dir='ltr'>acquisito</span> <span class='ocrx_word' id='word_1_301' title='bbox 1073 1658 1106 1709; x_wconf 88' lang='lat' dir='ltr'>de</span> <span class='ocrx_word' id='word_1_302' title='bbox 1136 1674 1217 1709; x_wconf 84' lang='lat' dir='ltr'>manu</span> <span class='ocrx_word' id='word_1_303' title='bbox 1248 1657 1355 1722; x_wconf 81' lang='lat' dir='ltr'>dyaboli</span> <span class='ocrx_word' id='word_1_304' title='bbox 1383 1674 1432 1707; x_wconf 74' lang='lat' dir='ltr'>n&gt;</span> <span class='ocrx_word' id='word_1_305' title='bbox 1442 1672 1521 1707; x_wconf 71' lang='grc'><strong>..66</strong></span> 
     </span>
     <span class='ocr_line' id='line_1_71' title="bbox 891 1727 1521 1792; baseline 0.002 -17"><span class='ocrx_word' id='word_1_306' title='bbox 891 1734 993 1792; x_wconf 85' lang='lat' dir='ltr'>oportet</span> <span class='ocrx_word' id='word_1_307' title='bbox 1013 1727 1143 1792; x_wconf 84' lang='lat' dir='ltr'>posterius</span> <span class='ocrx_word' id='word_1_308' title='bbox 1171 1741 1281 1777; x_wconf 82' lang='lat' dir='ltr'>onerare</span> <span class='ocrx_word' id='word_1_309' title='bbox 1307 1740 1521 1792; x_wconf 75' lang='grc'><strong>666661-66</strong></span> 
     </span>
     <span class='ocr_line' id='line_1_72' title="bbox 891 1795 1212 1862; baseline 0.006 -18"><span class='ocrx_word' id='word_1_310' title='bbox 891 1795 1009 1862; x_wconf 82' lang='lat' dir='ltr'>pedagiis</span> <span class='ocrx_word' id='word_1_311' title='bbox 1027 1796 1135 1846; x_wconf 86' lang='lat' dir='ltr'>insuetis</span> <span class='ocrx_word' id='word_1_312' title='bbox 1152 1796 1212 1847; x_wconf 83' lang='grc'><strong>280.</strong></span> 
     </span>
    </p>

    <p class='ocr_par' dir='ltr' id='par_1_56' title="bbox 858 1864 1284 1916">
     <span class='ocr_line' id='line_1_73' title="bbox 858 1864 1284 1916; baseline 0.002 -4"><span class='ocrx_word' id='word_1_313' title='bbox 858 1864 964 1913; x_wconf 91' lang='lat' dir='ltr'>-nium</span> <span class='ocrx_word' id='word_1_314' title='bbox 982 1864 1090 1914; x_wconf 78' lang='lat' dir='ltr'>fratrum</span> <span class='ocrx_word' id='word_1_315' title='bbox 1107 1865 1135 1914; x_wconf 90' lang='lat' dir='ltr'>in</span> <span class='ocrx_word' id='word_1_316' title='bbox 1152 1865 1223 1916; x_wconf 89' lang='lat' dir='ltr'>clero</span> <span class='ocrx_word' id='word_1_317' title='bbox 1240 1864 1284 1915; x_wconf 83' lang='grc'>66.</span> 
     </span>
    </p>

    <p class='ocr_par' dir='ltr' id='par_1_57' title="bbox 860 1932 1518 2052">
     <span class='ocr_line' id='line_1_74' title="bbox 860 1932 1518 1983; baseline -0.003 0"><span class='ocrx_word' id='word_1_318' title='bbox 860 1958 891 1968; x_wconf 92' lang='grc'>·-</span> <span class='ocrx_word' id='word_1_319' title='bbox 910 1933 1030 1983; x_wconf 84' lang='lat' dir='ltr'>manibus</span> <span class='ocrx_word' id='word_1_320' title='bbox 1050 1933 1209 1983; x_wconf 84' lang='lat' dir='ltr'>secularium</span> <span class='ocrx_word' id='word_1_321' title='bbox 1230 1940 1272 1983; x_wconf 81' lang='lat' dir='ltr'>est</span> <span class='ocrx_word' id='word_1_322' title='bbox 1287 1932 1518 1983; x_wconf 65' lang='lat' dir='ltr'>restitum-nm</span> 
     </span>
     <span class='ocr_line' id='line_1_75' title="bbox 893 2002 951 2052; baseline 0 -2"><span class='ocrx_word' id='word_1_323' title='bbox 893 2002 951 2052; x_wconf 81' lang='grc'><strong>219.</strong></span> 
     </span>
    </p>

    <p class='ocr_par' dir='ltr' id='par_1_58' title="bbox 859 2072 1351 2136">
     <span class='ocr_line' id='line_1_76' title="bbox 859 2072 1351 2136; baseline 0 -17"><span class='ocrx_word' id='word_1_324' title='bbox 859 2096 891 2105; x_wconf 90' lang='grc'><strong>-</strong></span> <span class='ocrx_word' id='word_1_325' title='bbox 909 2084 978 2135; x_wconf 83' lang='grc'><strong>6666</strong></span> <span class='ocrx_word' id='word_1_326' title='bbox 995 2084 1011 2120; x_wconf 84' lang='grc'>6</span> <span class='ocrx_word' id='word_1_327' title='bbox 1029 2084 1118 2121; x_wconf 88' lang='lat' dir='ltr'>cesare</span> <span class='ocrx_word' id='word_1_328' title='bbox 1136 2077 1274 2136; x_wconf 85' lang='lat' dir='ltr'>acceptum</span> <span class='ocrx_word' id='word_1_329' title='bbox 1293 2072 1351 2122; x_wconf 88' lang='grc'><strong>196.</strong></span> 
     </span>
    </p>

    <p class='ocr_par' dir='ltr' id='par_1_59' title="bbox 859 2135 1520 2275">
     <span class='ocr_line' id='line_1_77' title="bbox 859 2135 1518 2207; baseline -0.003 -20"><span class='ocrx_word' id='word_1_330' title='bbox 859 2165 890 2174; x_wconf 94' lang='grc'><strong>-</strong></span> <span class='ocrx_word' id='word_1_331' title='bbox 910 2138 1108 2205; x_wconf 87' lang='lat' dir='ltr'>proprietarium</span> <span class='ocrx_word' id='word_1_332' title='bbox 1119 2153 1185 2205; x_wconf 89' lang='lat' dir='ltr'>pure</span> <span class='ocrx_word' id='word_1_333' title='bbox 1197 2139 1386 2207; x_wconf 78' lang='lat' dir='ltr'>euangelicum</span> <span class='ocrx_word' id='word_1_334' title='bbox 1491 2135 1518 2185; x_wconf 87' lang='lat' dir='ltr'>de</span> 
     </span>
     <span class='ocr_line' id='line_1_78' title="bbox 893 2201 1520 2275; baseline -0.003 -19"><span class='ocrx_word' id='word_1_335' title='bbox 893 2207 1010 2272; x_wconf 88' lang='lat' dir='ltr'>quolibet</span> <span class='ocrx_word' id='word_1_336' title='bbox 1021 2206 1135 2257; x_wconf 90' lang='lat' dir='ltr'>dominio</span> <span class='ocrx_word' id='word_1_337' title='bbox 1148 2207 1261 2258; x_wconf 84' lang='lat' dir='ltr'>seculari</span> <span class='ocrx_word' id='word_1_338' title='bbox 1277 2213 1364 2275; x_wconf 80' lang='lat' dir='ltr'>potest</span> <span class='ocrx_word' id='word_1_339' title='bbox 1379 2201 1520 2257; x_wconf 70' lang='lat' dir='ltr'>ffini</span> 
     </span>
    </p>

    <p class='ocr_par' dir='ltr' id='par_1_60' title="bbox 860 2335 1524 2464">
     <span class='ocr_line' id='line_1_79' title="bbox 860 2335 1524 2396; baseline -0.002 -3"><span class='ocrx_word' id='word_1_340' title='bbox 860 2369 892 2380; x_wconf 94' lang='lat'>·-</span> <span class='ocrx_word' id='word_1_341' title='bbox 905 2344 1022 2395; x_wconf 82' lang='lat' dir='ltr'>seculare</span> <span class='ocrx_word' id='word_1_342' title='bbox 1034 2335 1524 2396; x_wconf 61' lang='grc' dir='ltr'>6666666611666166666(1661631611ἱ</span> 
     </span>
     <span class='ocr_line' id='line_1_80' title="bbox 895 2412 1153 2464; baseline 0.008 -2"><span class='ocrx_word' id='word_1_343' title='bbox 895 2417 934 2463; x_wconf 89' lang='lat' dir='ltr'>eet</span> <span class='ocrx_word' id='word_1_344' title='bbox 950 2412 1076 2463; x_wconf 86' lang='lat' dir='ltr'>infectum</span> <span class='ocrx_word' id='word_1_345' title='bbox 1094 2413 1153 2464; x_wconf 89' lang='grc'><strong>249.</strong></span> 
     </span>
    </p>

    <p class='ocr_par' dir='ltr' id='par_1_61' title="bbox 861 2481 1528 2602">
     <span class='ocr_line' id='line_1_81' title="bbox 861 2481 1528 2549; baseline -0.001 -19"><span class='ocrx_word' id='word_1_346' title='bbox 861 2507 890 2517; x_wconf 93' lang='grc'>-</span> <span class='ocrx_word' id='word_1_347' title='bbox 911 2481 1028 2531; x_wconf 89' lang='lat' dir='ltr'>seculare</span> <span class='ocrx_word' id='word_1_348' title='bbox 1041 2482 1139 2532; x_wconf 75' lang='lat' dir='ltr'>eman</span> <span class='ocrx_word' id='word_1_349' title='bbox 1156 2483 1267 2549; x_wconf 78' lang='lat' dir='ltr'>negavit</span> <span class='ocrx_word' id='word_1_350' title='bbox 1282 2483 1336 2533; x_wconf 83' lang='grc'><strong>6616</strong></span> <span class='ocrx_word' id='word_1_351' title='bbox 1352 2485 1528 2531; x_wconf 60' lang='lat' dir='ltr'>sao-001·</span> 
     </span>
     <span class='ocr_line' id='line_1_82' title="bbox 895 2548 1073 2602; baseline 0.017 -5"><span class='ocrx_word' id='word_1_352' title='bbox 895 2548 997 2600; x_wconf 84' lang='lat' dir='ltr'>dotibus</span> <span class='ocrx_word' id='word_1_353' title='bbox 1015 2552 1073 2602; x_wconf 84' lang='grc'><strong>696.</strong></span> 
     </span>
    </p>

    <p class='ocr_par' dir='ltr' id='par_1_62' title="bbox 860 2619 1335 2671">
     <span class='ocr_line' id='line_1_83' title="bbox 860 2619 1335 2671; baseline 0.004 -4"><span class='ocrx_word' id='word_1_354' title='bbox 860 2644 892 2653; x_wconf 97' lang='grc'>-</span> <span class='ocrx_word' id='word_1_355' title='bbox 911 2619 1028 2669; x_wconf 86' lang='lat' dir='ltr'>seculare</span> <span class='ocrx_word' id='word_1_356' title='bbox 1045 2619 1120 2670; x_wconf 90' lang='lat' dir='ltr'>Iesus</span> <span class='ocrx_word' id='word_1_357' title='bbox 1137 2619 1260 2670; x_wconf 83' lang='lat' dir='ltr'>emtinnit</span> <span class='ocrx_word' id='word_1_358' title='bbox 1277 2620 1335 2671; x_wconf 85' lang='grc'><strong>666.</strong></span> 
     </span>
    </p>

    <p class='ocr_par' dir='ltr' id='par_1_63' title="bbox 861 2674 1540 2820">
     <span class='ocr_line' id='line_1_84' title="bbox 861 2674 1540 2739; baseline 0.001 -4"><span class='ocrx_word' id='word_1_359' title='bbox 861 2714 892 2722; x_wconf 95' lang='grc'>-</span> <span class='ocrx_word' id='word_1_360' title='bbox 910 2687 1027 2737; x_wconf 81' lang='lat' dir='ltr'>seculare</span> <span class='ocrx_word' id='word_1_361' title='bbox 1045 2688 1157 2738; x_wconf 86' lang='lat' dir='ltr'>dominis</span> <span class='ocrx_word' id='word_1_362' title='bbox 1178 2688 1339 2739; x_wconf 81' lang='lat' dir='ltr'>secularibus</span> <span class='ocrx_word' id='word_1_363' title='bbox 1358 2674 1540 2736; x_wconf 49' lang='lat' dir='ltr'>sephet</span> 
     </span>
     <span class='ocr_line' id='line_1_85' title="bbox 893 2755 1099 2820; baseline 0.005 -16"><span class='ocrx_word' id='word_1_364' title='bbox 893 2755 1023 2820; x_wconf 84' lang='lat' dir='ltr'>pertinere</span> <span class='ocrx_word' id='word_1_365' title='bbox 1041 2756 1099 2808; x_wconf 87' lang='grc'><strong>243.</strong></span> 
     </span>
    </p>

    <p class='ocr_par' dir='ltr' id='par_1_64' title="bbox 860 2824 1375 2944">
     <span class='ocr_line' id='line_1_86' title="bbox 860 2824 1375 2944; baseline 0 -71"><span class='ocrx_word' id='word_1_366' title='bbox 860 2850 893 2861; x_wconf 95' lang='lat'><em>-</em></span> <span class='ocrx_word' id='word_1_367' title='bbox 910 2825 1162 2944; x_wconf 53' lang='grc'><strong>666666663961666</strong></span> <span class='ocrx_word' id='word_1_368' title='bbox 1179 2824 1375 2876; x_wconf 80' lang='lat' dir='ltr'>intnudabiliter</span> 
     </span>
     <span class='ocr_line' id='line_1_87' title="bbox 894 2907 1097 2944; baseline 0.01 -2"><span class='ocrx_word' id='word_1_369' title='bbox 894 2907 965 2942; x_wconf 87' lang='lat' dir='ltr'>mua</span> <span class='ocrx_word' id='word_1_370' title='bbox 995 2909 1020 2942; x_wconf 94' lang='lat' dir='ltr'>m</span> <span class='ocrx_word' id='word_1_371' title='bbox 1091 2932 1097 2944; x_wconf 93' lang='lat'>.</span> 
     </span>
    </p>

    <p class='ocr_par' dir='ltr' id='par_1_65' title="bbox 860 2961 1231 3014">
     <span class='ocr_line' id='line_1_88' title="bbox 860 2961 1231 3014; baseline 0.008 -5"><span class='ocrx_word' id='word_1_372' title='bbox 860 2986 893 2997; x_wconf 89' lang='lat'>-</span> <span class='ocrx_word' id='word_1_373' title='bbox 911 2961 1060 3013; x_wconf 84' lang='lat' dir='ltr'>universale</span> <span class='ocrx_word' id='word_1_374' title='bbox 1078 2961 1154 3012; x_wconf 76' lang='lat' dir='ltr'>cristi</span> <span class='ocrx_word' id='word_1_375' title='bbox 1171 2963 1231 3014; x_wconf 87' lang='grc'><strong>614.</strong></span> 
     </span>
    </p>

    <p class='ocr_par' dir='ltr' id='par_1_66' title="bbox 861 3030 1224 3097">
     <span class='ocr_line' id='line_1_89' title="bbox 861 3030 1224 3097; baseline 0.006 -18"><span class='ocrx_word' id='word_1_376' title='bbox 861 3056 893 3065; x_wconf 96' lang='grc'>-</span> <span class='ocrx_word' id='word_1_377' title='bbox 911 3030 1059 3080; x_wconf 84' lang='lat' dir='ltr'>universale</span> <span class='ocrx_word' id='word_1_378' title='bbox 1077 3045 1146 3097; x_wconf 88' lang='lat' dir='ltr'>pape</span> <span class='ocrx_word' id='word_1_379' title='bbox 1164 3032 1224 3083; x_wconf 78' lang='grc'><strong>661.</strong></span> 
     </span>
    </p>

    <p class='ocr_par' dir='ltr' id='par_1_67' title="bbox 861 3098 1248 3165">
     <span class='ocr_line' id='line_1_90' title="bbox 861 3098 1248 3165; baseline 0.008 -19"><span class='ocrx_word' id='word_1_380' title='bbox 861 3098 931 3147; x_wconf 90' lang='lat' dir='ltr'>-nii</span> <span class='ocrx_word' id='word_1_381' title='bbox 947 3105 1022 3165; x_wconf 84' lang='lat' dir='ltr'>pater</span> <span class='ocrx_word' id='word_1_382' title='bbox 1039 3100 1172 3165; x_wconf 77' lang='lat' dir='ltr'>putativus</span> <span class='ocrx_word' id='word_1_383' title='bbox 1188 3100 1248 3151; x_wconf 83' lang='grc'><strong>466.</strong></span> 
     </span>
    </p>

    <p class='ocr_par' dir='ltr' id='par_1_68' title="bbox 859 3161 1526 3219">
     <span class='ocr_line' id='line_1_91' title="bbox 859 3161 1526 3219; baseline 0 -4"><span class='ocrx_word' id='word_1_384' title='bbox 859 3167 986 3217; x_wconf 89' lang='lat' dir='ltr'>Dominus</span> <span class='ocrx_word' id='word_1_385' title='bbox 1007 3174 1085 3218; x_wconf 90' lang='lat' dir='ltr'>acute</span> <span class='ocrx_word' id='word_1_386' title='bbox 1111 3174 1200 3219; x_wconf 77' lang='lat' dir='ltr'>contra</span> <span class='ocrx_word' id='word_1_387' title='bbox 1226 3174 1312 3218; x_wconf 80' lang='lat' dir='ltr'>sectas</span> <span class='ocrx_word' id='word_1_388' title='bbox 1335 3161 1526 3215; x_wconf 54' lang='lat' dir='ltr'>locros*</span> 
     </span>
    </p>

    <p class='ocr_par' dir='ltr' id='par_1_69' title="bbox 860 3304 1189 3370">
     <span class='ocr_line' id='line_1_92' title="bbox 860 3304 1189 3370; baseline 0.006 -17"><span class='ocrx_word' id='word_1_389' title='bbox 860 3330 892 3339; x_wconf 98' lang='lat'>-</span> <span class='ocrx_word' id='word_1_390' title='bbox 911 3305 1030 3370; x_wconf 85' lang='lat' dir='ltr'>capitalis</span> <span class='ocrx_word' id='word_1_391' title='bbox 1048 3304 1114 3356; x_wconf 87' lang='lat' dir='ltr'>deus</span> <span class='ocrx_word' id='word_1_392' title='bbox 1132 3305 1189 3356; x_wconf 73' lang='lat'>1³8.</span> 
     </span>
    </p>

    <p class='ocr_par' dir='ltr' id='par_1_70' title="bbox 861 3372 1291 3424">
     <span class='ocr_line' id='line_1_93' title="bbox 861 3372 1291 3424; baseline 0.002 -2"><span class='ocrx_word' id='word_1_393' title='bbox 861 3399 892 3408; x_wconf 91' lang='lat'>-</span> <span class='ocrx_word' id='word_1_394' title='bbox 911 3372 1074 3423; x_wconf 90' lang='lat' dir='ltr'>dominorum</span> <span class='ocrx_word' id='word_1_395' title='bbox 1091 3379 1132 3424; x_wconf 89' lang='lat' dir='ltr'>est</span> <span class='ocrx_word' id='word_1_396' title='bbox 1149 3373 1215 3424; x_wconf 88' lang='lat' dir='ltr'>deus</span> <span class='ocrx_word' id='word_1_397' title='bbox 1232 3373 1291 3424; x_wconf 89' lang='grc'><strong>249.</strong></span> 
     </span>
    </p>

    <p class='ocr_par' dir='ltr' id='par_1_71' title="bbox 861 3426 1527 3509">
     <span class='ocr_line' id='line_1_94' title="bbox 861 3426 1527 3509; baseline 0 -19"><span class='ocrx_word' id='word_1_398' title='bbox 861 3469 893 3478; x_wconf 95' lang='grc'>-</span> <span class='ocrx_word' id='word_1_399' title='bbox 911 3442 1077 3508; x_wconf 78' lang='lat' dir='ltr'>parvipendit</span> <span class='ocrx_word' id='word_1_400' title='bbox 1092 3442 1169 3509; x_wconf 74' lang='lat' dir='ltr'>signs</span> <span class='ocrx_word' id='word_1_401' title='bbox 1185 3441 1320 3493; x_wconf 71' lang='grc'><strong>666666</strong></span> <span class='ocrx_word' id='word_1_402' title='bbox 1339 3426 1527 3490; x_wconf 62' lang='lat' dir='ltr'>sotow-</span> 
     </span>
    </p>

    <p class='ocr_par' dir='ltr' id='par_1_72' title="bbox 862 3510 1485 3562">
     <span class='ocr_line' id='line_1_95' title="bbox 862 3510 1485 3562; baseline -0.002 -2"><span class='ocrx_word' id='word_1_403' title='bbox 862 3536 893 3546; x_wconf 91' lang='lat'>·-</span> <span class='ocrx_word' id='word_1_404' title='bbox 913 3511 1074 3560; x_wconf 83' lang='lat' dir='ltr'>exercituum</span> <span class='ocrx_word' id='word_1_405' title='bbox 1092 3510 1157 3561; x_wconf 85' lang='lat' dir='ltr'>deus</span> <span class='ocrx_word' id='word_1_406' title='bbox 1173 3517 1285 3561; x_wconf 83' lang='lat' dir='ltr'>vocatur</span> <span class='ocrx_word' id='word_1_407' title='bbox 1301 3510 1355 3562; x_wconf 84' lang='grc'><strong>929.</strong></span> <span class='ocrx_word' id='word_1_408' title='bbox 1466 3538 1485 3550; x_wconf 87' lang='grc'>-</span> 
     </span>
    </p>

    <p class='ocr_par' dir='ltr' id='par_1_73' title="bbox 861 3578 1505 3699">
     <span class='ocr_line' id='line_1_96' title="bbox 861 3578 1505 3645; baseline -0.003 -16"><span class='ocrx_word' id='word_1_409' title='bbox 861 3608 893 3619; x_wconf 89' lang='grc'>-</span> <span class='ocrx_word' id='word_1_410' title='bbox 913 3579 1064 3644; x_wconf 85' lang='lat' dir='ltr'>temporalis</span> <span class='ocrx_word' id='word_1_411' title='bbox 1093 3578 1234 3630; x_wconf 79' lang='lat' dir='ltr'>offenditur</span> <span class='ocrx_word' id='word_1_412' title='bbox 1263 3594 1296 3630; x_wconf 87' lang='lat' dir='ltr'>ex</span> <span class='ocrx_word' id='word_1_413' title='bbox 1325 3583 1505 3645; x_wconf 72' lang='lat' dir='ltr'>pre-6¹0</span> 
     </span>
     <span class='ocr_line' id='line_1_97' title="bbox 896 3648 1204 3699; baseline 0 -2"><span class='ocrx_word' id='word_1_414' title='bbox 896 3648 987 3697; x_wconf 88' lang='lat' dir='ltr'>cancia</span> <span class='ocrx_word' id='word_1_415' title='bbox 1004 3648 1070 3698; x_wconf 88' lang='lat' dir='ltr'>sacri</span> <span class='ocrx_word' id='word_1_416' title='bbox 1087 3648 1129 3698; x_wconf 88' lang='lat' dir='ltr'>sui</span> <span class='ocrx_word' id='word_1_417' title='bbox 1145 3648 1204 3699; x_wconf 84' lang='grc'><strong>284.</strong></span> 
     </span>
    </p>

    <p class='ocr_par' dir='ltr' id='par_1_74' title="bbox 862 3704 1530 3767">
     <span class='ocr_line' id='line_1_98' title="bbox 862 3704 1530 3767; baseline -0.001 -2"><span class='ocrx_word' id='word_1_418' title='bbox 862 3716 1036 3767; x_wconf 84' lang='lat' dir='ltr'>-secularis</span> <span class='ocrx_word' id='word_1_419' title='bbox 1058 3716 1194 3767; x_wconf 80' lang='lat' dir='ltr'>licenciam</span> <span class='ocrx_word' id='word_1_420' title='bbox 1216 3714 1339 3767; x_wconf 76' lang='grc'><strong>6661661661</strong></span> <span class='ocrx_word' id='word_1_421' title='bbox 1353 3707 1427 3760; x_wconf 74' lang='lat'>11</span> <span class='ocrx_word' id='word_1_422' title='bbox 1466 3704 1530 3758; x_wconf 64' lang='grc'><strong>11400</strong></span> 
     </span>
    </p>
   </div>
   <div class='ocr_carea' id='block_1_6' title="bbox 1451 2818 1538 2864">
    <p class='ocr_par' dir='ltr' id='par_1_75' title="bbox 1451 2818 1538 2864">
     <span class='ocr_line' id='line_1_99' title="bbox 1451 2818 1538 2864; baseline 0 -7"><span class='ocrx_word' id='word_1_423' title='bbox 1451 2818 1538 2864; x_wconf 68' lang='grc'><strong>-3611</strong></span> 
     </span>
    </p>
   </div>
   <div class='ocr_carea' id='block_1_7' title="bbox 863 3846 1469 3920">
    <p class='ocr_par' dir='ltr' id='par_1_76' title="bbox 863 3846 1469 3920">
     <span class='ocr_line' id='line_1_100' title="bbox 863 3846 1469 3920; baseline -0.005 -18"><span class='ocrx_word' id='word_1_424' title='bbox 863 3880 895 3889; x_wconf 95' lang='grc'>-</span> <span class='ocrx_word' id='word_1_425' title='bbox 913 3853 1054 3904; x_wconf 86' lang='lat' dir='ltr'>imitandus</span> <span class='ocrx_word' id='word_1_426' title='bbox 1072 3860 1112 3904; x_wconf 83' lang='lat' dir='ltr'>ast</span> <span class='ocrx_word' id='word_1_427' title='bbox 1127 3868 1175 3920; x_wconf 88' lang='lat' dir='ltr'>per</span> <span class='ocrx_word' id='word_1_428' title='bbox 1191 3852 1304 3904; x_wconf 79' lang='lat' dir='ltr'>Oristum</span> <span class='ocrx_word' id='word_1_429' title='bbox 1320 3847 1421 3903; x_wconf 61' lang='lat' dir='ltr'>aab</span> <span class='ocrx_word' id='word_1_430' title='bbox 1448 3846 1469 3898; x_wconf 80' lang='grc'><strong>0.</strong></span> 
     </span>
    </p>
   </div>
   <div class='ocr_carea' id='block_1_8' title="bbox 0 0 1563 5024">
    <p class='ocr_par' dir='ltr' id='par_1_77' title="bbox 0 0 1563 5024">
     <span class='ocr_line' id='line_1_101' title="bbox 0 0 1563 5024; baseline 0 0"><span class='ocrx_word' id='word_1_431' title='bbox 0 0 1563 5024; x_wconf 95' lang='lat' dir='ltr'> </span> 
     </span>
    </p>
   </div>
  </div>
 </body>
</html>
