3082 5024
140 488 197 539 η
216 471 265 540 11]
480 473 533 523 ns
548 473 811 523 Pnsrncrrorvn
828 473 1012 523 sunnon.
1279 478 1341 536 451

140 640 220 709 lbet
243 656 342 708 status
369 646 495 727 dyaboli
517 647 556 708 sit
576 647 634 708 sibi
656 647 758 708 utilior
780 667 871 727 quam
893 642 1036 726 aliquis¹‘
1058 656 1154 708 status
1175 645 1343 720 beatorum,

140 766 214 813 urm
245 750 302 810 iste
332 759 430 812 status
460 750 535 811 facit
564 749 621 810 sibi
652 749 774 823 bonum,
807 750 879 830 quia
909 750 1161 829 dampnacionem
1183 751 1293 812 iustam
1316 758 1347 811 et

140 848 247 915 irino
277 853 397 914 iusticie
428 852 692 932 complementum.
736 853 811 914 Ideo
842 875 912 914 curn
943 861 1040 914 status
1070 854 1127 914 iste
1150 853 1348 914 ordinatura

140 952 211 1030 fleo,
242 965 339 1036 patet,
372 955 454 1037 quod
483 955 545 1029 ille,
578 966 612 1017 ut
642 965 687 1017 est
717 955 822 1030 iustus,
852 956 895 1018 sic
918 966 963 1017 est
984 956 1040 1016 tali
1062 952 1228 1036 dyabolo¹⁵
1250 964 1346 1017 status

140 1050 251 1120 bonus.
687 1042 688 1047 ἵ
737 1077 740 1083 ·

231 1163 294 1224 Sed
317 1184 378 1223 non
401 1163 552 1242 loquimur
574 1163 614 1222 ad
636 1163 718 1223 hunc
740 1182 870 1235 sensum,
900 1163 981 1243 quod
1004 1171 1109 1236 status,
1117 1158 1145 1196 ¹⁶
1166 1162 1198 1222 in
1220 1183 1279 1241 quo
1302 1169 1348 1221 est

140 1267 317 1346 quicunque
340 1265 500 1346 dyabolus,
524 1265 573 1326 vel
597 1274 694 1327 status
716 1265 836 1338 viantis,
860 1266 891 1325 iu
914 1286 973 1345 quo
996 1274 1042 1326 est
1056 1259 1261 1347 quicunque¹⁷
1277 1284 1346 1343 pur·

140 1379 233 1446 gstor
263 1369 374 1429 latrine
406 1368 456 1429 vel
488 1377 756 1448 quantumcunque
788 1367 933 1442 abiectus,
962 1369 1001 1428 sit
1027 1368 1134 1428 melior
1161 1376 1252 1447 atque
1279 1387 1346 1447 per·

140 1469 255 1532 feocior
278 1480 361 1532 statu
383 1469 520 1551 quolibet
541 1471 733 1550 assignando,
758 1471 829 1551 quia
850 1471 900 1532 isti
921 1471 1031 1531 utilior.
1069 1471 1150 1531 Nam
1173 1470 1267 1531 frater
1289 1470 1346 1531 hoc

140 1573 233 1634 modo
255 1574 442 1654 equivocam
465 1573 609 1654 deturpat
630 1595 717 1635 suum
740 1574 876 1634 ordinem
899 1584 929 1635 et
951 1594 1011 1634 non
1033 1582 1129 1635 ornat.

228 1675 395 1757 Supposito
417 1697 499 1754 ergo,
522 1677 603 1757 quod
625 1677 786 1758 loquamur
800 1677 976 1756 simpliciter
991 1678 1029 1737 de
1044 1676 1234 1757 perfeccione
1249 1686 1347 1738 status

140 1774 173 1839 ln
202 1799 246 1852 se,
279 1788 405 1859 propter
419 1785 432 1850 ΙΙ
449 1780 534 1840 cuius
556 1788 652 1841 status
668 1774 724 1841 'vel
747 1780 860 1842 ordinis
881 1780 1049 1859 ingressum
1070 1781 1170 1860 ipsum
1193 1781 1346 1860 accipiens
1362 1790 1372 1843 ΙΙ
1385 1790 1452 1842 01⁰1·
1466 1792 1506 1831 ¹⁴⁹

140 1890 189 1942 est
217 1891 253 1943 ut
283 1883 327 1943 sic
350 1882 527 1962 perfeccior,
560 1903 652 1963 quam
675 1884 753 1943 foret
775 1904 814 1945 ex
836 1885 973 1962 ingressu
996 1884 1108 1944 ordinis
1131 1883 1255 1944 alterius
1278 1883 1345 1944 bas-

140 1984 237 2058 ioris,
260 1994 335 2046 tuuc
358 1987 489 2059 videtur,
513 1987 593 2065 quod
615 1985 743 2066 quilibet
764 1995 861 2047 status
884 1986 1013 2046 fratrum
1036 1987 1075 2046 sit
1096 1985 1152 2047 sub
1172 2007 1232 2046 non
1247 1987 1346 2065 gradu

140 2089 342 2165 perfeccionis
365 2098 396 2149 et
417 2109 473 2168 per
495 2109 680 2169 consequens
700 2089 912 2170 imperfeccior
934 2084 998 2149 et¹⁸
1019 2111 1109 2169 quam
1125 2089 1235 2169 aliquis
1249 2098 1346 2150 status

140 2189 277 2270 dyaboli.

225 2294 308 2354 Nam
340 2293 454 2367 nullus,
486 2304 520 2355 ut
548 2294 717 2374 ingreditur
744 2295 837 2356 talem
858 2295 995 2356 ordinem
1017 2290 1189 2369 fratrumffl,
1222 2302 1268 2355 est
1288 2294 1345 2356 sub

140 2396 244 2477 ulique
265 2397 368 2476 gradu
390 2398 599 2477 perfeccionis,
623 2399 703 2478 quod
726 2408 830 2459 tamen
851 2408 1012 2478 oporteret,
1036 2398 1155 2459 situlis
1178 2398 1251 2458 ordo
1267 2399 1347 2459 foret

140 2501 296 2579 perfectus
327 2500 369 2560 ad
400 2520 522 2561 sensum
552 2502 733 2580 expositum,
765 2522 837 2581 ergo
868 2510 915 2562 est
945 2512 979 2563 ut
1010 2502 1053 2562 sic
1084 2501 1140 2563 sub
1163 2522 1224 2561 non
1247 2501 1345 2580 gradu

140 2602 352 2682 perfeccionis.
398 2603 471 2664 Non
501 2604 581 2665 enim
613 2612 659 2665 est
688 2626 773 2685 puer,
805 2607 837 2665 in
868 2613 1016 2686 quantum
1038 2606 1138 2666 factus
1161 2607 1264 2678 frater,
1288 2603 1345 2665 sub

140 2706 242 2788 ulique
274 2707 377 2785 gradu
407 2706 606 2785 perfeccionis
637 2707 820 2781 essencialis,
852 2730 921 2770 cum
952 2707 1008 2768 illa
1029 2718 1134 2770 manet
1155 2707 1345 2769 invariabilis

140 2811 217 2873 u'cut
247 2809 438 2871 humanitas.
482 2808 525 2870 Et
554 2810 706 2890 loquendo
737 2811 775 2872 de
806 2812 997 2891 perfeccione
1028 2811 1240 2885 accidenciali,
1275 2832 1344 2873 cunr

140 2935 193 2976 ron
227 2921 336 2994 potest
365 2912 428 2973 diei
459 2913 610 2992 perfecoio
640 2914 672 2974 in
706 2915 817 2975 virtute
841 2935 885 2986 eo,
909 2915 991 2994 quod
1012 2923 1085 2976 tunc
1112 2915 1191 2976 foret
1217 2912 1345 2995 quilibet

140 3020 229 3082 ister
252 3028 293 3079 ut
314 3015 490 3076 huiusmodi
510 3016 671 3090 virtuosus,
694 3017 882 3099 relinquitur,
907 3018 988 3098 quod
1010 3020 1049 3078 sit
1069 3018 1223 3099 perfeccio
1246 3017 1345 3097 dispo·
1371 3084 1379 3100 .

140 3125 255 3188 icionis
282 3119 418 3180 hominis
440 3119 481 3179 ad
502 3120 654 3181 virtutem.
692 3120 763 3180 Non
784 3121 865 3181 enim
888 3129 933 3181 est
954 3119 1011 3182 sub
1034 3121 1135 3201 aliquo
1158 3121 1256 3200 gradu
1277 3141 1344 3200 per-

140 3227 283 3293 meionis
317 3221 368 3284 vel
396 3222 600 3302 reputacionis
622 3223 760 3296 hominis,
793 3219 928 3304 quoad²⁰
950 3224 1108 3297 mundum,
1140 3225 1212 3304 quia
1234 3223 1345 3285 stultus

140 3344 212 3406 αι,
240 3328 366 3411 quiea
387 3325 560 3386 intencione
581 3327 735 3405 acciperet
755 3335 867 3386 statum
889 3327 1001 3387 fratris.
1031 3327 1074 3387 Et
1088 3327 1131 3388 sic
1146 3336 1240 3408 patet,
1263 3327 1344 3407 quod

140 3445 249 3501 »ortes
294 3429 431 3508 logicum
463 3415 575 3490 statum
606 3428 805 3510 perfeccionis
840 3425 975 3490 fratris²¹
1008 3425 1083 3490 ad²²
1113 3431 1343 3510 disposicionem

162 3536 330 3604 moribus
355 3532 531 3613 retorqueri.

202 3626 354 3720 Capit'3
385 3644 488 3695 autem
519 3634 741 3714 blasphemiam
771 3633 831 3694 ista
860 3643 1038 3713 presumpta
1067 3635 1219 3714 perfeccio
1247 3645 1343 3696 status

140 3766 267 3818 mm,
298 3738 377 3821 quia
398 3746 504 3810 status,
528 3758 619 3817 quam
643 3735 759 3797 Oristus
780 3736 954 3798 immediate
977 3738 1107 3799 instituit
1130 3747 1200 3799 ante
1223 3739 1340 3812 fratres,

140 3859 486 3884 s.—

174 3919 202 3950 ¹⁴
223 3913 342 3980 aliquis
354 3904 420 3977 ΟΒβ
464 3907 621 3968 alius(i)E
698 3902 719 3933 ¹⁶
736 3912 754 3956 t.
774 3905 816 3970 dy.
827 3903 891 3976 GDpi
937 3906 979 3970 dy.
999 3907 1054 3956 tn
1133 3906 1155 3935 ¹⁶
1172 3906 1343 3977 statCDffiE

156 4014 191 4062 ,τ’
206 4018 288 4058 mr,
303 4001 330 4049 is
343 3995 406 4044 add.
420 3993 450 4057 by
463 3991 502 4042 ΙΨ
521 3993 616 4042 viantis
669 3989 689 4020 ¹⁷
708 3991 835 4056 dyabolus
847 4011 871 4042 v.
884 4000 914 4042 st.
927 4010 952 4042 v.
964 3993 992 4041 in
1005 4010 1028 4058 q.
1042 4000 1082 4042 est
1091 3994 1240 4059 quicunque
1251 3993 1341 4064 ODEfi

140 4116 182 4150 ,ι
194 4095 229 4146 Γ
293 4083 318 4113 ¹⁸
340 4089 371 4132 et
381 4076 450 4149 01)ss
479 4096 524 4128 om.
535 4081 585 4128 EF
635 4076 656 4106 ¹⁹
668 4079 808 4128 fratrumO
835 4077 919 4128 fratris
928 4076 1000 4147 Dnst
1052 4076 1248 4148 1’θιιιιοιιιίθΙὶβ
1278 4096 1341 4144 ergo

140 4187 170 4237 Ε
280 4170 306 4201 ²¹
328 4165 424 4220 fratris
434 4162 498 4234 θΕβ
549 4165 693 4215 fratrumD
780 4160 802 4190 ²²
820 4165 854 4214 Et
870 4165 907 4214 sic
924 4171 997 4231 patet
1011 4193 1042 4199 —
1057 4165 1143 4214 fratris
1160 4162 1341 4234 ιιιΙΟΙ)Εβ,Εἰ

140 4288 213 4323 W,
261 4257 362 4311 ml*
434 4246 459 4278 ²³
475 4252 543 4317 capit
553 4253 625 4301 CDE
657 4247 771 4320 capiatpf

1074 4334 1127 4388 29⁸
