3082 5024
167 445 228 503 800

166 612 279 661 Peccata
289 626 306 659 a
315 610 397 660 Cristo
407 611 599 661 declinancium
607 617 669 659 sunt
677 626 745 659 corn·

201 679 272 745 pleta
290 680 348 729 305.

168 776 198 784 —-
219 747 308 796 mundi
327 748 402 796 homo
420 764 472 796 non
491 747 558 797 tollit
577 748 632 796 165.

168 844 199 852 -
217 816 307 882 populi
325 832 377 865 non
395 816 519 881 lugentur
536 832 552 865 a
569 816 645 865 sectis
665 817 706 865 43.

169 913 200 921 -
219 901 271 934 non
290 885 415 934 debemus
432 901 529 950 negare
552 886 608 935 124.

168 982 200 991 -
219 954 309 1003 fovent
326 962 352 1002 et
369 953 456 1002 celant
473 954 566 1003 fratres
585 955 624 1003 71.

168 1049 199 1058 -
218 1022 424 1087 multiplicantur
435 1021 692 1088 proporcionabiliter
703 1038 746 1087 pe-

201 1106 294 1139 narum
313 1092 370 1140 331.

170 1186 200 1194 —
219 1159 341 1224 Angliam
359 1160 515 1208 conturbant
535 1162 591 1209 168.

169 1235 303 1277 —atornm
321 1228 467 1294 increpacio
485 1229 526 1278 tt.

169 1323 200 1332 -
219 1297 350 1361 correpcio
368 1298 462 1346 omissa
480 1312 495 1346 a
513 1297 634 1347 fratribus
652 1298 693 1347 48.

168 1392 199 1401 -
219 1366 345 1415 confessio
364 1366 397 1414 ad
416 1366 494 1415 deum
512 1366 597 1415 salvat
615 1367 672 1416 509.

168 1434 251 1482 --atis
275 1434 422 1483 camalibns
440 1435 598 1483 inc-linantur
615 1442 685 1484 secte
704 1436 744 1485 36.

169 1503 284 1552 Pecunia
301 1503 327 1551 in
346 1504 486 1553 corbanam
504 1503 679 1553 thesaurizata
696 1504 745 1553 fra·

201 1577 269 1620 trum
288 1574 328 1621 40.

170 1666 200 1675 -
219 1640 367 1689 intercurrit
384 1639 410 1688 in
429 1640 625 1705 dispermacione
645 1642 701 1690 166.

170 1736 201 1743 —
221 1723 317 1774 niagna
338 1725 385 1772 pro
407 1709 572 1758 anticristivis
590 1709 745 1758 immolacio-

201 1777 278 1825 nibus
296 1776 422 1826 exhausta
440 1778 498 1826 244.

169 1871 200 1880 -
219 1845 378 1906 abscondita,
397 1845 488 1895 domus
507 1852 534 1895 et
550 1846 608 1895 libri
626 1848 667 1895 42.

168 1914 241 1962 Pena
253 1913 286 1962 acl
299 1913 423 1963 honorem
435 1913 477 1963 dei
489 1914 625 1964 inferenda
636 1923 676 1964 est
687 1916 745 1965 336.

168 2008 200 2017 -
213 1982 362 2047 temporalis
374 1998 421 2048 per
432 1984 644 2048 participanciam
653 1984 746 2033 cedere

202 2057 288 2115 potest
310 2051 344 2100 ad
363 2053 483 2101 meritum
501 2052 670 2117 predestinati
688 2054 745 2103 331.

168 2145 201 2156 -
214 2118 332 2169 defectus
344 2121 458 2169 caritatis
470 2121 580 2186 proximi
592 2128 619 2170 et
631 2121 672 2170 dei
684 2123 745 2179 1183

169 2283 201 2292 -
225 2272 329 2306 suarum
352 2257 468 2322 parcium
490 2256 624 2323 dampnati
644 2259 746 2323 partici-

202 2334 267 2391 pant
284 2327 342 2375 326.

169 2410 236 2444 -ne
254 2395 344 2444 acucio
362 2402 545 2460 postmortem
563 2396 622 2444 241,

169 2488 202 2498 —·
214 2464 360 2529 corporales
372 2480 424 2512 non
436 2464 553 2513 cruciant
564 2464 678 2513 animam
689 2467 745 2514 148.

169 2531 202 2580 ad
222 2548 316 2581 -—nam
329 2532 434 2596 dyaboli
446 2532 563 2581 filiisunt
573 2533 677 2598 presciti
687 2534 744 2583 225.

170 2626 201 2636 -
220 2602 344 2650 acriorem
362 2600 481 2666 discipuli
499 2601 624 2651 anticristi
640 2602 747 2668 obligati

171 2738 243 2785 -nis
261 2738 440 2787 communibus
453 2739 536 2788 viator
548 2739 679 2789 humiliter
690 2754 746 2805 par·

207 2806 328 2870 ticipatur
346 2808 403 2856 331.

171 2902 202 2910 —
221 2876 353 2940 perpetuis
365 2876 521 2941 participant
533 2878 637 2942 presciti
649 2878 675 2926 iu
688 2893 746 2943 pec-

204 2943 268 2992 catis
287 2944 344 2993 329.

607 438 785 487 GENERAL
804 439 934 487 INDEX.

798 607 955 658 Perduracio
973 617 1101 659 sectarum
1123 611 1179 661 114.

770 716 772 734 ,
798 678 982 742 Peregrinacio
1000 678 1137 728 citatorum
1155 681 1214 728 551.

798 745 932 795 Perfeccio
950 746 1082 812 religionis
1099 754 1229 797 sectarum
1250 750 1294 798 34.

799 841 831 850 -
849 822 932 864 status
949 815 1057 865 fratrum
1076 817 1117 866 66.

799 909 831 918 -
850 882 942 932 ultima
959 884 1136 934 universitatis
1153 893 1242 934 create
1263 887 1306 936 36.

800 978 831 987 -
850 952 979 1001 mendacii
997 955 1037 1002 66.

799 1021 913 1070 —cionis
931 1037 1014 1087 genus
1026 1021 1051 1070 in
1064 1021 1181 1087 personis
1193 1030 1330 1072 sectarum
1343 1022 1386 1073 he

833 1104 954 1139 noranms
977 1092 1034 1140 180.
1377 1113 1383 1119 ·

800 1157 832 1207 de
851 1158 960 1207 —cione
978 1165 1093 1208 statuum
1112 1161 1152 1209 38.

799 1226 921 1276 -ciones
938 1235 1052 1276 statuum
1071 1230 1129 1277 451.

798 1296 944 1345 Perleccior
961 1302 1001 1346 est
1017 1303 1100 1346 status
1117 1297 1225 1346 fratrum
1237 1303 1313 1347 statu
1325 1312 1386 1362 apo

833 1364 923 1413 stolico
942 1373 971 1413 ut
988 1365 1078 1414 dicunt
1096 1367 1136 1414 66.

799 1459 830 1468 -
850 1440 932 1482 status
950 1434 1083 1499 religionis
1100 1434 1202 1499 private
1224 1436 1287 1484 514.

798 1502 975 1551 Perfectorum
994 1502 1086 1567 religio
1103 1503 1249 1551 communis
1268 1504 1329 1553 516.

772 1568 774 1617 l
799 1579 860 1619 -ta
878 1586 959 1635 opera
976 1571 1052 1621 Gristi
1070 1573 1111 1620 89.

798 1639 902 1688 Perfida
920 1639 1029 1689 fratrum
1046 1654 1112 1705 gens
1130 1641 1171 1690 te.

771 1752 774 1777 Ι
798 1707 912 1757 Perfidia
930 1708 1058 1773 dogmatis
1076 1708 1202 1758 anticristi
1219 1709 1282 1758 398.

797 1776 904 1825 -diam
915 1785 1005 1826 contra
1015 1776 1126 1827 Cristum
1138 1777 1266 1826 anticristi
1278 1776 1385 1827 fallacie

771 1782 774 1907 l
833 1845 960 1895 inducunt
977 1847 1035 1895 251.

772 1930 774 1969 ;
798 1914 948 1963 Periculosa
974 1922 1091 1979 tempora
1117 1913 1184 1963 finnt
1209 1929 1259 1979 per
1281 1921 1383 1980 pertur-

832 1983 925 2032 bantes
942 1997 1034 2048 pacem
1053 1983 1093 2032 38.

800 2052 934 2100 -sissima
952 2059 992 2101 est
1009 2051 1106 2101 heresis
1125 2052 1165 2101 52.

772 2116 774 2188 l
799 2120 947 2169 Periculum
965 2135 1124 2169 concernens
1142 2133 1238 2185 papam
1260 2121 1318 2170 l'll.

800 2215 831 2224 -
850 2189 984 2253 iesuperu,
1005 2189 1033 2238 in
1050 2204 1102 2254 quo
1120 2188 1271 2238 anticristus
1288 2204 1382 2256 regna·

771 2268 773 2355 p
834 2257 878 2313 bit.
899 2258 948 2306 erit
966 2273 1090 2323 magnum
1102 2258 1161 2307 331.

800 2353 829 2361 —
850 2326 983 2375 hominum
1000 2325 1159 2388 interiorum,
1178 2327 1223 2391 qni
1236 2326 1382 2392 perduntur

771 2384 773 2488 l
833 2395 866 2444 ad
884 2403 1019 2456 tartarum,
1038 2402 1077 2444 est
1094 2395 1237 2444 marimum
1257 2397 1316 2446 398.

800 2490 827 2499 -
845 2464 987 2512 maximnm
998 2463 1119 2512 fidelibus
1128 2465 1380 2530 ewangelizantibus

800 2627 831 2636 -
868 2601 894 2649 iu
924 2600 995 2649 falsis
1025 2601 1146 2649 fratribus
1176 2600 1324 2652 adhibitum
1352 2603 1381 2653 in

833 2679 917 2718 sectas
935 2670 975 2719 3¹1.

800 2738 858 2786 -la
867 2737 1034 2803 precavenda
1042 2737 1155 2787 tenendo
1164 2737 1244 2788 fidem
1253 2741 1380 2806 scripture

772 2807 773 2829 ¹
835 2809 891 2857 180.

771 2910 773 3009 p
799 2875 864 2924 -lis
881 2883 950 2925 terre
967 2881 995 2924 et
1012 2875 1089 2924 maris
1105 2875 1193 2925 clerici
1205 2892 1233 2925 se
1244 2883 1381 2942 exponunt

833 2945 891 2993 211.

170 3012 196 3060 in
215 3038 246 3047 -
265 3013 450 3077 temporalibus
468 3013 638 3063 consenciunt
657 3014 747 3079 prede·
771 3012 773 3076 ἶ
799 3012 925 3061 Periodus
942 3013 1084 3078 purgatorii
1105 3012 1214 3061 alterius
1234 3013 1327 3063 mundi
1341 3021 1381 3064 est

203 3081 292 3129 stinati
310 3082 367 3130 330.

170 3151 312 3199 Penetrant
330 3149 419 3199 domos
436 3149 572 3199 viduarum
591 3158 661 3200 secte
679 3153 720 3202 44.

170 3218 310 3268 Peuitebat
326 3219 420 3267 Petrus
437 3227 494 3283 post
511 3219 602 3284 culpas
619 3221 677 3270 6ῑο.

170 3286 324 3336 Penitencia
341 3295 488 3336 sanctornm
507 3289 564 3336 516.

173 3382 202 3391 -
214 3355 352 3420 corporalis
362 3356 477 3405 consistit
486 3356 512 3404 in
522 3356 619 3406 ieiunio
629 3365 678 3407 etc.
688 3359 746 3408 512.

172 3452 202 3459 -
222 3423 319 3490 duplex
337 3425 419 3474 estin
437 3424 541 3474 homine
559 3426 677 3488 discreto,
698 3427 747 3492 spi-

205 3494 304 3542 ritualis
322 3502 349 3542 et
366 3493 505 3559 corporalis
523 3495 580 3543 512.

172 3590 202 3598 -
222 3562 362 3627 spiritualis
383 3562 500 3612 consistit
520 3563 548 3612 iu
571 3562 629 3612 odio
647 3565 747 3629 peccati

171 3700 244 3748 -cie
262 3700 417 3749 sacramenti
435 3698 579 3749 destruccio
597 3701 655 3750 622.

171 3768 263 3817 Petam
281 3768 378 3818 habere
395 3769 422 3817 in
440 3784 551 3834 persona
568 3769 671 3834 propria
689 3772 747 3820 369.

171 3837 301 3901 Percipiet
318 3837 393 3886 homo
411 3851 427 3887 a
445 3837 495 3887 deo
508 3837 651 3887 secundum
664 3837 746 3904 digni-

204 3912 285 3954 tatern
303 3907 361 3955 344.

171 3973 284 4023 Perdere
305 3974 451 4024 libertatem
472 3983 609 4040 peccatum
627 3982 667 4024 est
690 3977 745 4025 185.

171 4042 289 4091 Perdicio
311 4051 402 4092 eterna
419 4052 548 4093 sectarum
566 4043 688 4093 dormitat
705 4045 746 4093 33.

171 4111 353 4161 Perdurabunt
370 4119 440 4161 secte
458 4112 485 4160 in
503 4113 553 4162 ista
569 4111 661 4174 heresi,
680 4119 708 4162 ut
720 4113 747 4161 in

206 4178 319 4229 dominio
336 4181 478 4246 puniantur
495 4182 553 4232 202.

771 3091 773 3135 t
833 3081 954 3146 periodus
973 3096 1067 3147 magne
1084 3081 1165 3146 partis
1181 3081 1277 3148 integri
1295 3097 1380 3133 sacra·

833 3151 915 3199 menti
933 3151 990 3200 510.

798 3219 971 3284 Peripsimata
979 3226 1133 3284 permanent
1142 3218 1169 3266 in
1177 3217 1309 3283 parochiis
1320 3222 1377 3270 133.

799 3288 952 3337 Permittere
971 3288 1092 3353 antiquos
1109 3301 1245 3352 perversos
1259 3295 1286 3337 et
1297 3287 1380 3338 incor-

834 3363 918 3405 rectos
936 3356 1099 3421 presbyteros
1118 3357 1176 3405 394.

799 3425 1025 3475 Pernecessarinm
1054 3431 1104 3484 est,
1134 3431 1233 3473 sectam
1260 3423 1338 3473 Cristi
1363 3439 1382 3474 a

833 3491 907 3542 viciis
924 3508 1070 3559 expurgare
1088 3493 1146 3543 275.

798 3563 930 3626 Perpetua
950 3562 1081 3627 sponsalia
1101 3561 1189 3611 divine
1207 3567 1302 3611 nature
1322 3563 1380 3612 163.

800 3638 878 3679 —tuo
889 3631 1013 3696 punietur
1021 3639 1142 3696 peccator
1152 3630 1180 3678 in
1188 3630 1308 3694 spiritum
1320 3646 1379 3679 san·

833 3707 903 3748 ctum
916 3701 974 3748 323.

799 3795 831 3804 -
844 3767 998 3817 observatur
1009 3767 1143 3817 sentencia
1154 3765 1245 3816 divina
1263 3767 1323 3816 210.

798 3837 971 3901 Perpetuacio
981 3836 1074 3885 iniurie
1084 3835 1192 3885 ecclesie
1198 3835 1380 3900 appropriacio

833 3905 1001 3955 ecclesiarum
1021 3906 1077 3954 132.

799 3974 968 4038 Perpetuales
987 3973 1127 4023 elemosine
1147 3973 1204 4021 140.

798 4043 958 4107 Perpetuare
975 4058 1052 4091 sunm
1069 4041 1185 4091 ordinem
1199 4041 1320 4106 Baptista
1335 4057 1381 4090 no-

832 4111 881 4160 luit
898 4113 956 4160 300.

771 4134 774 4218 l
799 4179 963 4244 Perpetuitas
979 4179 1096 4230 defectus
1116 4180 1172 4230 191².
