3082 5024
155 452 225 521 Vl]
467 457 521 506 DE
536 458 751 507 RELIGIONE
767 457 927 506 Pamisus
947 457 969 505 I.
1248 461 1309 520 507

148 648 177 702 a,
216 629 400 690 secundum
432 631 584 691 racionem
616 651 675 711 qua
702 631 790 704 iusta,
822 640 923 711 potest
944 630 1080 708 obligare
1102 629 1257 691 subditum
1279 629 1311 688 in

156 742 397 813 contempnere
427 733 540 795 habere
571 733 731 795 licenciam
763 735 811 796 dei
842 756 897 815 pro
928 735 1057 795 licencia
1088 732 1249 794 sufficienti
1271 732 1310 793 ad

148 835 291 896 landum
313 837 347 896 in
368 836 517 915 religiosis
537 836 645 898 ritibus
667 858 722 918 pro
744 837 848 899 debita
867 838 1049 899 execucione
1064 836 1217 914 religionis
1232 857 1311 896 eom·

148 938 199 999 nis
223 949 259 999 et
282 960 340 1019 per
362 935 564 1020 consequens²
585 961 647 1000 non
669 961 707 1002 ex
730 941 796 1014 hoc,
820 942 901 1021 quod
923 940 1028 1019 religio
1051 940 1173 1019 privata
1194 939 1237 1000 sic
1260 937 1311 998 ob-

148 1051 186 1114 st,
217 1052 268 1103 est
291 1043 359 1122 ipsa
381 1043 553 1123 culpabilis.

186 1144 288 1206 Patet
309 1148 540 1227 consequencia‚
564 1157 599 1208 ut
616 1148 699 1222 dicit,
723 1157 754 1208 et
767 1148 951 1209 antecedens
969 1157 1057 1209 extra
1073 1147 1110 1208 de
1125 1146 1310 1208 Penitenciis

148 1246 396 1309 Remissionibus
418 1248 507 1330 cap.³
513 1248 538 1333 ll
549 1250 666 1311 ‘Omnis
683 1251 876 1332 utriusque’‚‘'
898 1251 950 1312 ubi
966 1252 1008 1312 sic
1031 1250 1173 1311 habetur:
1197 1249 1221 1310 si
1245 1248 1311 1328 quis
1323 1262 1333 1314 ll
1343 1261 1461 1312 osana

148 1362 209 1411 lem
242 1352 346 1412 alieno
376 1354 526 1414 sacerdoti
558 1354 688 1415 voluerit
717 1355 797 1415 iusta
827 1354 865 1415 de
893 1374 986 1415 causa
1008 1375 1063 1414 sua
1084 1351 1219 1414 confiteri
1242 1373 1309 1430 pec·

148 1450 204 1526 ta,⁴
234 1453 397 1516 licenciam
428 1457 511 1535 prius
538 1458 673 1537 postulet
694 1467 725 1518 et
747 1457 891 1531 obtineat,
915 1453 1003 1518 euml
1027 1457 1114 1518 aliter
1134 1457 1200 1535 ipse
1222 1455 1309 1515 illum

148 1576 167 1615 n
190 1558 289 1636 possit
310 1558 428 1620 solvero
452 1561 502 1621 vel
523 1561 628 1640 ligare.

193 1659 258 1721 Hic
281 1661 393 1723 dicitur
415 1665 565 1743 negando,
597 1666 678 1745 quod
701 1666 752 1725 lex
774 1665 854 1727 iusta
875 1664 1042 1726 seeundum
1064 1663 1226 1735 racionem,
1250 1680 1310 1742 qua

148 1783 153 1822 ;
180 1763 273 1835 iusta,
306 1764 425 1844 obligat
453 1776 645 1846 peccatorem
677 1778 891 1849 contempnere
922 1767 1034 1828 habere
1065 1765 1224 1827 licenciam
1261 1764 1310 1824 dei

148 1886 163 1925 o
193 1866 359 1928 sufficienti
388 1869 517 1931 licencia
548 1871 588 1931 ad
619 1872 822 1933 confitendum
846 1879 973 1949 peccata
994 1865 1069 1930 sua⁶
1091 1869 1190 1930 alieno
1213 1887 1310 1928 sacer·

149 1969 171 2028 ti
193 1990 250 2049 pro
275 1969 421 2033 beneficio
443 1974 671 2035 sacramentalis
694 1973 896 2035 absolucionis
923 1973 1095 2034 obtinendo.
1140 1971 1206 2031 Nec
1228 1969 1309 2030 istud

148 2072 215 2132 serit
247 2072 298 2133 lex
331 2074 475 2152 allegata,
507 2097 576 2137 cum
607 2076 734 2138 verbum
765 2077 842 2137 illud
866 2071 1038 2136 ‘obtineat'
1067 2074 1195 2152 intelligi
1218 2072 1310 2133 debet

148 2193 175 2233 m
208 2174 271 2236 hac
302 2178 506 2239 condicionali
538 2181 571 2240 ‘si
594 2181 724 2259 poterit’.
748 2218 790 2226 -
812 2180 863 2240 Ex
885 2202 944 2260 quo
967 2180 1111 2259 sequitur,
1135 2173 1235 2257 quod⁸
1258 2196 1309 2236 vo·

148 2297 171 2336 rs
200 2279 341 2339 confiteri
373 2276 470 2341 iusta⁹
501 2282 539 2343 de
570 2303 664 2344 causa
686 2284 784 2345 alieno
807 2284 957 2345 sacerdoti
978 2303 1033 2361 pro
1055 2280 1201 2341 beneficio
1223 2278 1309 2339 abso·

148 2381 233 2441 :ionis
267 2381 531 2445 sacramentalem
562 2386 726 2448 obtinendo
757 2396 863 2466 petens
894 2407 947 2465 pro
979 2384 1184 2463 cosnplccione
1215 2382 1309 2462 ipsius

148 2481 309 2545 luntatis¹¹
332 2485 492 2548 licenciam
515 2490 560 2550 sui
583 2491 698 2570 proprii
720 2491 893 2562 sacerdotio,
917 2500 1030 2550 etcum
1054 2486 1110 2547 hoc
1127 2506 1186 2545 non
1202 2485 1309 2546 valens

148 2608 200 2648 am
234 2587 376 2649 obtinere
408 2599 508 2669 potest
535 2593 567 2652 in
596 2594 654 2654 isto
685 2615 758 2655 casu
789 2588 864 2654 ex¹²
890 2612 968 2673 pura
994 2591 1123 2651 licencia
1150 2589 1199 2649 dei
1229 2587 1307 2648 illud

148 2712 209 2752 ere.

184 2793 337 2855 Secundo
368 2797 511 2876 sequitur,
544 2799 634 2878 quod,
663 2800 742 2861 sicut
763 2810 906 2881 peccator
927 2798 1033 2860 volens
1054 2817 1093 2857 ex
1114 2795 1194 2856 iusta
1216 2814 1309 2855 causa

325 2967 401 3016 ΟΑΡ.
416 2967 440 3014 V
439 2968 463 3016 1.
491 2971 503 2994 ⁶
522 2968 595 3032 Cosp.
613 2971 661 3018 iar.
674 2988 728 3019 can.
741 2971 841 3019 Decret.
855 2973 959 3033 Grepor.
975 2969 1021 3017 IX
1029 2968 1046 3016 l.
1063 2967 1088 3014 1'
1097 2968 1135 3016 tit.
1148 2965 1232 3014 XXX
1233 2965 1311 3015 I'III

277 3070 335 3116 cap.
347 3053 411 3101 XII
414 3075 422 3102 .·
443 3055 525 3102 Omnis
542 3056 669 3119 atrius-sque
683 3072 755 3103 sexus
771 3056 862 3124 fidelis,
876 3060 1008 3119 postquam
1021 3056 1055 3103 cd
1066 3069 1143 3101 annos
1155 3054 1309 3101 discretionis

274 3139 425 3202 pervenerit,
443 3141 524 3187 omnia
542 3157 588 3188 sisa
605 3142 672 3189 solus
686 3146 792 3206 peccata
809 3142 897 3191 saltem
913 3141 987 3190 sanet
1003 3142 1030 3189 ia
1045 3155 1108 3188 nano
1126 3139 1236 3206 fideliter
1253 3155 1308 3187 con·

277 3226 384 3292 fitentur
399 3227 505 3289 proprio
522 3227 647 3276 scendoti
656 3263 740 3277 .....
763 3229 793 3276 Si
810 3230 865 3291 qais
882 3232 963 3277 auam
975 3227 1056 3276 alieno
1068 3226 1193 3274 sacerdoti
1204 3225 1310 3274 voluer-it

277 3313 347 3359 iusta
359 3312 390 3359 de
400 3328 476 3359 caasa
487 3328 533 3359 sao
549 3315 664 3381 conpilent
677 3319 791 3377 peccata,
809 3313 934 3363 licentiam
948 3315 1022 3377 prius
1035 3311 1147 3377 postulet
1160 3315 1185 3359 et
1201 3311 1309 3360 obtineat

278 3413 296 3444 a
311 3398 418 3460 proprio
437 3399 575 3455 sacerdote,
597 3415 670 3462 quam
696 3399 772 3449 aliter
793 3402 847 3464 ipse
867 3399 940 3448 illam
960 3401 1104 3463 conpescit
1120 3398 1244 3446 ciselam
1269 3397 1308 3445 vel

277 3481 361 3544 lipare
377 3487 421 3532 etc.
456 3485 498 3547 Cp.
518 3486 590 3548 Corp.
611 3487 660 3534 iar.
682 3502 736 3534 can.
762 3487 799 3535 ed.
818 3485 1066 3548 Richter-Friedherp
1084 3486 1101 3546 (
1102 3485 1204 3547 Leipzig
1223 3487 1287 3532 1879
1289 3483 1306 3543 )

278 3568 310 3616 Ρ.
330 3568 372 3623 ΙΙ,
391 3585 418 3632 p.
438 3574 494 3620 887.
533 3570 584 3618 Tse
597 3571 700 3634 pmerol
722 3572 777 3620 title
798 3573 830 3635 os
843 3571 1005 3621 XXXVIII
1029 3574 1064 3621 ir.-
1090 3571 1130 3618 De
1147 3571 1307 3618 Poeniteatis's

277 3657 303 3700 el
321 3653 511 3704 Ranissimsibus

159 3806 224 3857 'et
245 3824 271 3872 p.
293 3808 390 3858 esca
427 3825 472 3858 orn.
486 3807 511 3878 β,
529 3810 572 3858 bnt
588 3811 801 3876 add.inmcr.lp
819 3808 849 3881 β9
907 3808 1185 3884 ³ramissionibusdss
1218 3818 1304 3866 romis-

148 3895 253 3961 ap.Cn
317 3890 366 3941 *si
384 3912 407 3960 q.
427 3910 449 3945 a
469 3910 491 3945 a.
510 3912 530 3945 s.
543 3913 568 3945 v.
587 3896 602 3946 i.
622 3895 645 3946 (l
665 3914 686 3946 c.
705 3914 725 3947 s.
739 3914 759 3947 c.
773 3914 797 3962 p.
810 3900 846 3948 Cn
878 3899 899 3947 si
912 3916 936 3964 q.
950 3899 966 3949 i.
980 3899 1003 3949 d.
1017 3916 1038 3950 c.
1052 3914 1074 3949 a.
1088 3917 1107 3950 s.
1120 3917 1145 3950 v.
1158 3918 1177 3951 s.
1190 3919 1214 3967 p.
1228 3902 1306 3973 cdss

148 3974 286 4046 anfl’
304 3979 363 4028 add.
381 3980 454 4029 olom
471 3984 510 4030 the
527 3983 577 4031 line
611 3983 653 4032 vel
664 3982 709 4053 Αβ
778 3981 928 4054 “suaACfi
954 4003 1027 4036 omn
1093 3981 1307 4058 ⁷obtinoattlnfl

148 4068 264 4118 >timeat
275 4067 301 4111 A
375 4061 429 4114 ’ἑκ
446 4062 465 4135 β
482 4069 549 4116 there
566 4069 588 4116 s's
605 4086 639 4117 an
655 4086 757 4118 erasure
774 4071 848 4119 alme
865 4069 935 4136 quod
1013 4068 1110 4121 ⁹iusta
1120 4070 1187 4142 011,ss
1199 4075 1273 4135 (here
1289 4092 1307 4123 a

148 4153 240 4203 caios
259 4150 399 4199 makes
411 4152 486 4214 place
503 4149 568 4223 (β’)
603 4153 687 4204 'astari
769 4153 790 4183 ¹⁰
808 4157 947 4208 climaco
994 4173 1031 4208 sa.
1049 4156 1145 4229 ailulfi
1216 4157 1235 4188 ¹¹
1254 4161 1304 4212 vcl.

148 4237 159 4289 ἶ
210 4253 295 4285 osan
366 4233 386 4262 ¹²
403 4252 434 4288 cx
452 4240 497 4287 lens
514 4240 686 4308 cnderpoaea
703 4244 840 4293 correction
857 4243 886 4310 ly
904 4238 933 4315 β’
