<?xml version="1.0" encoding="UTF-8"?>
<!DOCTYPE html PUBLIC "-//W3C//DTD XHTML 1.0 Transitional//EN"
    "http://www.w3.org/TR/xhtml1/DTD/xhtml1-transitional.dtd">
<html xmlns="http://www.w3.org/1999/xhtml" xml:lang="en" lang="en">
 <head>
  <title>
</title>
<meta http-equiv="Content-Type" content="text/html;charset=utf-8" />
  <meta name='ocr-system' content='tesseract 3.04.00' />
  <meta name='ocr-capabilities' content='ocr_page ocr_carea ocr_par ocr_line ocrx_word'/>
</head>
<body>
  <div class='ocr_page' id='page_1' title='image "./johnwiclifspole00wyclgoog/johnwiclifspole00wyclgoog_0157.png"; bbox 0 0 3082 5024; ppageno 0'>
   <div class='ocr_carea' id='block_1_1' title="bbox 165 432 1315 505">
    <p class='ocr_par' dir='ltr' id='par_1_1' title="bbox 165 432 1315 505">
     <span class='ocr_line' id='line_1_1' title="bbox 165 432 1315 505; baseline 0.013 -26"><span class='ocrx_word' id='word_1_1' title='bbox 165 446 228 505; x_wconf 76' lang='lat'>528</span> <span class='ocrx_word' id='word_1_2' title='bbox 589 439 783 489; x_wconf 65' lang='lat' dir='ltr'>sonamus</span> <span class='ocrx_word' id='word_1_3' title='bbox 805 438 946 495; x_wconf 71' lang='lat' dir='ltr'>arcora,</span> <span class='ocrx_word' id='word_1_4' title='bbox 1255 432 1315 505; x_wconf 63' lang='grc' dir='ltr'>[ιφ</span> 
     </span>
    </p>
   </div>
   <div class='ocr_carea' id='block_1_2' title="bbox 165 610 1382 3672">
    <p class='ocr_par' dir='ltr' id='par_1_2' title="bbox 165 610 1335 1002">
     <span class='ocr_line' id='line_1_2' title="bbox 165 610 1315 691; baseline -0.005 -16"><span class='ocrx_word' id='word_1_5' title='bbox 165 610 286 675; x_wconf 82' lang='lat' dir='ltr'>taliter⁵</span> <span class='ocrx_word' id='word_1_6' title='bbox 319 612 458 691; x_wconf 76' lang='lat' dir='ltr'>obligans</span> <span class='ocrx_word' id='word_1_7' title='bbox 489 612 617 673; x_wconf 89' lang='lat' dir='ltr'>eandem</span> <span class='ocrx_word' id='word_1_8' title='bbox 649 611 689 671; x_wconf 92' lang='lat' dir='ltr'>ad</span> <span class='ocrx_word' id='word_1_9' title='bbox 720 610 950 671; x_wconf 86' lang='lat' dir='ltr'>observanciam</span> <span class='ocrx_word' id='word_1_10' title='bbox 981 620 1200 690; x_wconf 79' lang='lat' dir='ltr'>preceptorum</span> <span class='ocrx_word' id='word_1_11' title='bbox 1225 620 1256 669; x_wconf 89' lang='lat' dir='ltr'>et</span> <span class='ocrx_word' id='word_1_12' title='bbox 1282 639 1315 662; x_wconf 62' lang='lat' dir='ltr'><em>w</em></span> 
     </span>
     <span class='ocr_line' id='line_1_3' title="bbox 165 706 1305 795; baseline -0.005 -19"><span class='ocrx_word' id='word_1_13' title='bbox 165 718 273 777; x_wconf 91' lang='lat' dir='ltr'>liorum</span> <span class='ocrx_word' id='word_1_14' title='bbox 305 737 360 795; x_wconf 88' lang='lat' dir='ltr'>per</span> <span class='ocrx_word' id='word_1_15' title='bbox 391 728 511 775; x_wconf 85' lang='lat' dir='ltr'>sarrctos</span> <span class='ocrx_word' id='word_1_16' title='bbox 543 725 644 793; x_wconf 86' lang='lat' dir='ltr'>patres</span> <span class='ocrx_word' id='word_1_17' title='bbox 675 713 946 793; x_wconf 74' lang='lat' dir='ltr'><strong>promulgatorum.</strong></span> <span class='ocrx_word' id='word_1_18' title='bbox 994 711 1037 772; x_wconf 88' lang='lat' dir='ltr'>Et</span> <span class='ocrx_word' id='word_1_19' title='bbox 1057 706 1138 772; x_wconf 81' lang='lat' dir='ltr'>iste⁶</span> <span class='ocrx_word' id='word_1_20' title='bbox 1161 732 1248 771; x_wconf 90' lang='lat' dir='ltr'>more</span> <span class='ocrx_word' id='word_1_21' title='bbox 1277 741 1305 764; x_wconf 68' lang='lat' dir='ltr'><strong>m</strong></span> 
     </span>
     <span class='ocr_line' id='line_1_4' title="bbox 165 814 1335 898; baseline -0.004 -17"><span class='ocrx_word' id='word_1_22' title='bbox 165 821 290 881; x_wconf 78' lang='lat' dir='ltr'>eborum</span> <span class='ocrx_word' id='word_1_23' title='bbox 321 818 454 898; x_wconf 85' lang='lat' dir='ltr'>loquitur</span> <span class='ocrx_word' id='word_1_24' title='bbox 484 817 623 877; x_wconf 87' lang='lat' dir='ltr'>intricate</span> <span class='ocrx_word' id='word_1_25' title='bbox 655 829 685 877; x_wconf 90' lang='lat' dir='ltr'>et</span> <span class='ocrx_word' id='word_1_26' title='bbox 715 816 831 877; x_wconf 85' lang='lat' dir='ltr'>diffuse.</span> <span class='ocrx_word' id='word_1_27' title='bbox 875 815 914 875; x_wconf 90' lang='lat' dir='ltr'>In</span> <span class='ocrx_word' id='word_1_28' title='bbox 943 815 1001 876; x_wconf 89' lang='lat' dir='ltr'>hoe</span> <span class='ocrx_word' id='word_1_29' title='bbox 1032 824 1147 887; x_wconf 73' lang='lat' dir='ltr'>tannen,</span> <span class='ocrx_word' id='word_1_30' title='bbox 1176 814 1260 895; x_wconf 91' lang='lat' dir='ltr'>quod</span> <span class='ocrx_word' id='word_1_31' title='bbox 1287 845 1297 867; x_wconf 58' lang='grc' dir='ltr'><em>ν</em></span> <span class='ocrx_word' id='word_1_32' title='bbox 1333 819 1335 822; x_wconf 78' lang='grc'><strong>’</strong></span> 
     </span>
     <span class='ocr_line' id='line_1_5' title="bbox 165 919 913 1002; baseline -0.005 -20"><span class='ocrx_word' id='word_1_33' title='bbox 165 922 313 1002; x_wconf 79' lang='lat' dir='ltr'><strong>explanat</strong></span> <span class='ocrx_word' id='word_1_34' title='bbox 336 942 422 981; x_wconf 86' lang='lat' dir='ltr'>suam</span> <span class='ocrx_word' id='word_1_35' title='bbox 445 920 640 991; x_wconf 79' lang='lat' dir='ltr'><strong>sentenciam,</strong></span> <span class='ocrx_word' id='word_1_36' title='bbox 664 928 709 979; x_wconf 89' lang='lat' dir='ltr'>cat</span> <span class='ocrx_word' id='word_1_37' title='bbox 731 919 913 979; x_wconf 88' lang='lat' dir='ltr'>laudandus.</span> 
     </span>
    </p>

    <p class='ocr_par' dir='ltr' id='par_1_3' title="bbox 166 1020 1378 1619">
     <span class='ocr_line' id='line_1_6' title="bbox 253 1020 1318 1104; baseline -0.002 -21"><span class='ocrx_word' id='word_1_38' title='bbox 253 1024 363 1099; x_wconf 78' lang='lat' dir='ltr'>Quoad</span> <span class='ocrx_word' id='word_1_39' title='bbox 394 1024 523 1104; x_wconf 89' lang='lat' dir='ltr'>primam</span> <span class='ocrx_word' id='word_1_40' title='bbox 554 1022 790 1101; x_wconf 85' lang='lat' dir='ltr'>descripcionem</span> <span class='ocrx_word' id='word_1_41' title='bbox 822 1030 916 1100; x_wconf 87' lang='lat' dir='ltr'>patet,</span> <span class='ocrx_word' id='word_1_42' title='bbox 948 1020 1029 1101; x_wconf 90' lang='lat' dir='ltr'>quod</span> <span class='ocrx_word' id='word_1_43' title='bbox 1059 1020 1211 1099; x_wconf 87' lang='lat' dir='ltr'>implicat,</span> <span class='ocrx_word' id='word_1_44' title='bbox 1243 1021 1318 1081; x_wconf 79' lang='lat' dir='ltr'>hoe</span> 
     </span>
     <span class='ocr_line' id='line_1_7' title="bbox 167 1122 1378 1205; baseline 0.002 -18"><span class='ocrx_word' id='word_1_45' title='bbox 167 1129 263 1187; x_wconf 88' lang='lat' dir='ltr'>minos</span> <span class='ocrx_word' id='word_1_46' title='bbox 285 1147 350 1187; x_wconf 88' lang='lat' dir='ltr'>esse</span> <span class='ocrx_word' id='word_1_47' title='bbox 373 1125 594 1205; x_wconf 76' lang='lat' dir='ltr'><strong>dampnabiles,</strong></span> <span class='ocrx_word' id='word_1_48' title='bbox 628 1126 699 1205; x_wconf 90' lang='lat' dir='ltr'>quia</span> <span class='ocrx_word' id='word_1_49' title='bbox 721 1124 859 1186; x_wconf 84' lang='lat' dir='ltr'>excludit</span> <span class='ocrx_word' id='word_1_50' title='bbox 879 1144 931 1185; x_wconf 87' lang='lat' dir='ltr'>eos</span> <span class='ocrx_word' id='word_1_51' title='bbox 953 1144 971 1183; x_wconf 93' lang='lat' dir='ltr'>a</span> <span class='ocrx_word' id='word_1_52' title='bbox 993 1123 1140 1202; x_wconf 81' lang='lat' dir='ltr'>religione</span> <span class='ocrx_word' id='word_1_53' title='bbox 1162 1122 1292 1203; x_wconf 78' lang='lat' dir='ltr'>simplici</span> <span class='ocrx_word' id='word_1_54' title='bbox 1313 1159 1330 1172; x_wconf 45' lang='grc' dir='ltr'>ἰ</span> <span class='ocrx_word' id='word_1_55' title='bbox 1373 1168 1378 1189; x_wconf 90' lang='lat'>.·</span> 
     </span>
     <span class='ocr_line' id='line_1_8' title="bbox 166 1226 1333 1309; baseline -0.004 -18"><span class='ocrx_word' id='word_1_56' title='bbox 166 1231 275 1302; x_wconf 77' lang='lat' dir='ltr'>aliana,</span> <span class='ocrx_word' id='word_1_57' title='bbox 308 1250 409 1309; x_wconf 90' lang='lat' dir='ltr'>quam,</span> <span class='ocrx_word' id='word_1_58' title='bbox 441 1229 548 1288; x_wconf 88' lang='lat' dir='ltr'>sinon</span> <span class='ocrx_word' id='word_1_59' title='bbox 572 1228 742 1299; x_wconf 78' lang='lat' dir='ltr'>observem,</span> <span class='ocrx_word' id='word_1_60' title='bbox 775 1227 908 1288; x_wconf 86' lang='lat' dir='ltr'>contenti</span> <span class='ocrx_word' id='word_1_61' title='bbox 930 1228 1047 1307; x_wconf 84' lang='lat' dir='ltr'>precise</span> <span class='ocrx_word' id='word_1_62' title='bbox 1069 1226 1132 1287; x_wconf 84' lang='lat' dir='ltr'>suis</span> <span class='ocrx_word' id='word_1_63' title='bbox 1153 1227 1280 1307; x_wconf 82' lang='lat' dir='ltr'>privatis</span> <span class='ocrx_word' id='word_1_64' title='bbox 1316 1239 1333 1272; x_wconf 80' lang='grc'>-’</span> 
     </span>
     <span class='ocr_line' id='line_1_9' title="bbox 166 1326 1377 1411; baseline -0.002 -19"><span class='ocrx_word' id='word_1_65' title='bbox 166 1332 320 1411; x_wconf 80' lang='lat' dir='ltr'>gionibus,</span> <span class='ocrx_word' id='word_1_66' title='bbox 358 1332 482 1392; x_wconf 90' lang='lat' dir='ltr'>indubie</span> <span class='ocrx_word' id='word_1_67' title='bbox 522 1330 779 1409; x_wconf 83' lang='lat' dir='ltr'><strong>dampnabuntur.</strong></span> <span class='ocrx_word' id='word_1_68' title='bbox 833 1329 877 1390; x_wconf 88' lang='lat' dir='ltr'>Et</span> <span class='ocrx_word' id='word_1_69' title='bbox 910 1341 996 1409; x_wconf 89' lang='lat' dir='ltr'>patet</span> <span class='ocrx_word' id='word_1_70' title='bbox 1032 1329 1202 1391; x_wconf 88' lang='lat' dir='ltr'>secundum</span> <span class='ocrx_word' id='word_1_71' title='bbox 1233 1350 1272 1390; x_wconf 86' lang='lat' dir='ltr'>ex</span> <span class='ocrx_word' id='word_1_72' title='bbox 1296 1326 1343 1389; x_wconf 60' lang='lat' dir='ltr'>hv</span> <span class='ocrx_word' id='word_1_73' title='bbox 1375 1394 1377 1399; x_wconf 65' lang='grc'>,</span> 
     </span>
     <span class='ocr_line' id='line_1_10' title="bbox 166 1428 1333 1517; baseline -0.003 -21"><span class='ocrx_word' id='word_1_74' title='bbox 166 1437 247 1517; x_wconf 91' lang='lat' dir='ltr'>quod</span> <span class='ocrx_word' id='word_1_75' title='bbox 276 1437 362 1496; x_wconf 85' lang='lat' dir='ltr'>iuxta</span> <span class='ocrx_word' id='word_1_76' title='bbox 389 1435 444 1494; x_wconf 88' lang='lat' dir='ltr'>has</span> <span class='ocrx_word' id='word_1_77' title='bbox 467 1433 689 1514; x_wconf 80' lang='lat' dir='ltr'>dcacripoioues</span> <span class='ocrx_word' id='word_1_78' title='bbox 722 1433 889 1494; x_wconf 86' lang='lat' dir='ltr'>communia</span> <span class='ocrx_word' id='word_1_79' title='bbox 916 1432 1021 1511; x_wconf 77' lang='lat' dir='ltr'>religio</span> <span class='ocrx_word' id='word_1_80' title='bbox 1044 1433 1191 1494; x_wconf 88' lang='lat' dir='ltr'>cristiana</span> <span class='ocrx_word' id='word_1_81' title='bbox 1212 1441 1244 1493; x_wconf 87' lang='lat' dir='ltr'>et</span> <span class='ocrx_word' id='word_1_82' title='bbox 1263 1428 1333 1493; x_wconf 80' lang='lat' dir='ltr'>ro‘&#39;</span> 
     </span>
     <span class='ocr_line' id='line_1_11' title="bbox 168 1535 1318 1619; baseline -0.003 -21"><span class='ocrx_word' id='word_1_83' title='bbox 168 1539 290 1619; x_wconf 83' lang='lat' dir='ltr'>privata</span> <span class='ocrx_word' id='word_1_84' title='bbox 313 1538 412 1597; x_wconf 80' lang='lat' dir='ltr'>forent</span> <span class='ocrx_word' id='word_1_85' title='bbox 434 1538 593 1610; x_wconf 89' lang='lat' dir='ltr'>contrarie,</span> <span class='ocrx_word' id='word_1_86' title='bbox 617 1548 651 1596; x_wconf 93' lang='lat' dir='ltr'>ut</span> <span class='ocrx_word' id='word_1_87' title='bbox 672 1546 758 1616; x_wconf 89' lang='lat' dir='ltr'>patet</span> <span class='ocrx_word' id='word_1_88' title='bbox 773 1556 812 1596; x_wconf 85' lang='lat' dir='ltr'>ex</span> <span class='ocrx_word' id='word_1_89' title='bbox 828 1536 930 1596; x_wconf 84' lang='lat' dir='ltr'>multis</span> <span class='ocrx_word' id='word_1_90' title='bbox 946 1535 1103 1614; x_wconf 79' lang='lat' dir='ltr'>particulis</span> <span class='ocrx_word' id='word_1_91' title='bbox 1118 1536 1294 1615; x_wconf 82' lang='lat' dir='ltr'>descripcio</span> <span class='ocrx_word' id='word_1_92' title='bbox 1316 1561 1318 1582; x_wconf 90' lang='lat'>·</span> 
     </span>
    </p>

    <p class='ocr_par' dir='ltr' id='par_1_4' title="bbox 167 1634 1382 3466">
     <span class='ocr_line' id='line_1_12' title="bbox 255 1634 1348 1719; baseline -0.004 -18"><span class='ocrx_word' id='word_1_93' title='bbox 255 1641 365 1701; x_wconf 84' lang='lat' dir='ltr'>Melius</span> <span class='ocrx_word' id='word_1_94' title='bbox 389 1662 460 1718; x_wconf 75' lang='lat' dir='ltr'>ergo</span> <span class='ocrx_word' id='word_1_95' title='bbox 482 1641 561 1700; x_wconf 89' lang='lat' dir='ltr'>t&#39;orct</span> <span class='ocrx_word' id='word_1_96' title='bbox 582 1639 637 1700; x_wconf 90' lang='lat' dir='ltr'>has</span> <span class='ocrx_word' id='word_1_97' title='bbox 660 1639 736 1700; x_wconf 76' lang='lat' dir='ltr'>(luas</span> <span class='ocrx_word' id='word_1_98' title='bbox 758 1637 928 1716; x_wconf 83' lang='lat' dir='ltr'>religiones,</span> <span class='ocrx_word' id='word_1_99' title='bbox 960 1639 1003 1699; x_wconf 88' lang='lat' dir='ltr'>sic</span> <span class='ocrx_word' id='word_1_100' title='bbox 1034 1638 1115 1719; x_wconf 86' lang='lat' dir='ltr'>quod</span> <span class='ocrx_word' id='word_1_101' title='bbox 1143 1638 1244 1717; x_wconf 87' lang='lat' dir='ltr'>prima</span> <span class='ocrx_word' id='word_1_102' title='bbox 1264 1634 1348 1697; x_wconf 65' lang='lat' dir='ltr'>re&#39;i:</span> 
     </span>
     <span class='ocr_line' id='line_1_13' title="bbox 167 1740 1263 1822; baseline -0.005 -17"><span class='ocrx_word' id='word_1_103' title='bbox 167 1745 207 1805; x_wconf 89' lang='lat' dir='ltr'>sit</span> <span class='ocrx_word' id='word_1_104' title='bbox 229 1744 360 1805; x_wconf 85' lang='lat' dir='ltr'>secunde</span> <span class='ocrx_word' id='word_1_105' title='bbox 384 1742 612 1822; x_wconf 83' lang='lat' dir='ltr'>compassibilis,</span> <span class='ocrx_word' id='word_1_106' title='bbox 636 1753 666 1803; x_wconf 87' lang='lat' dir='ltr'>et</span> <span class='ocrx_word' id='word_1_107' title='bbox 688 1742 841 1802; x_wconf 83' lang='lat' dir='ltr'>substrata</span> <span class='ocrx_word' id='word_1_108' title='bbox 855 1740 1054 1802; x_wconf 88' lang='lat' dir='ltr'>fundabiliter</span> <span class='ocrx_word' id='word_1_109' title='bbox 1068 1741 1109 1802; x_wconf 91' lang='lat' dir='ltr'>ad</span> <span class='ocrx_word' id='word_1_110' title='bbox 1124 1740 1263 1803; x_wconf 86' lang='lat' dir='ltr'>eandem.</span> 
     </span>
     <span class='ocr_line' id='line_1_14' title="bbox 168 1839 1325 1926; baseline -0.004 -18"><span class='ocrx_word' id='word_1_111' title='bbox 168 1868 205 1908; x_wconf 87' lang='lat' dir='ltr'>eo</span> <span class='ocrx_word' id='word_1_112' title='bbox 227 1847 302 1926; x_wconf 84' lang='lat' dir='ltr'>ipso,</span> <span class='ocrx_word' id='word_1_113' title='bbox 331 1847 412 1926; x_wconf 92' lang='lat' dir='ltr'>quod</span> <span class='ocrx_word' id='word_1_114' title='bbox 435 1846 603 1905; x_wconf 83' lang='lat' dir='ltr'>cornmunis</span> <span class='ocrx_word' id='word_1_115' title='bbox 625 1845 732 1924; x_wconf 72' lang='lat' dir='ltr'>religio</span> <span class='ocrx_word' id='word_1_116' title='bbox 754 1839 915 1905; x_wconf 88' lang='lat' dir='ltr'>cristiana⁷</span> <span class='ocrx_word' id='word_1_117' title='bbox 938 1842 1056 1923; x_wconf 77' lang='lat' dir='ltr'>obligat</span> <span class='ocrx_word' id='word_1_118' title='bbox 1077 1843 1118 1903; x_wconf 92' lang='lat' dir='ltr'>ad</span> <span class='ocrx_word' id='word_1_119' title='bbox 1141 1842 1280 1904; x_wconf 78' lang='lat' dir='ltr'>observa·</span> <span class='ocrx_word' id='word_1_120' title='bbox 1294 1871 1325 1894; x_wconf 52' lang='grc' dir='ltr'><em>ν</em></span> 
     </span>
     <span class='ocr_line' id='line_1_15' title="bbox 168 1946 1350 2025; baseline -0.003 -15"><span class='ocrx_word' id='word_1_121' title='bbox 168 1950 391 2022; x_wconf 90' lang='lat' dir='ltr'>mandatorum,</span> <span class='ocrx_word' id='word_1_122' title='bbox 416 1948 533 2025; x_wconf 68' lang='lat' dir='ltr'>obligat</span> <span class='ocrx_word' id='word_1_123' title='bbox 547 1947 588 2008; x_wconf 91' lang='lat' dir='ltr'>ad</span> <span class='ocrx_word' id='word_1_124' title='bbox 602 1946 833 2008; x_wconf 84' lang='lat' dir='ltr'>observanoiam</span> <span class='ocrx_word' id='word_1_125' title='bbox 849 1946 940 2008; x_wconf 86' lang='lat' dir='ltr'>Cristi</span> <span class='ocrx_word' id='word_1_126' title='bbox 954 1946 1161 2022; x_wconf 86' lang='lat' dir='ltr'>consiliorum,</span> <span class='ocrx_word' id='word_1_127' title='bbox 1183 1966 1255 2007; x_wconf 85' lang='lat' dir='ltr'>curn</span> <span class='ocrx_word' id='word_1_128' title='bbox 1274 1974 1293 1998; x_wconf 71' lang='grc' dir='ltr'>ιι</span> <span class='ocrx_word' id='word_1_129' title='bbox 1347 1971 1350 1990; x_wconf 69' lang='lat'>³</span> 
     </span>
     <span class='ocr_line' id='line_1_16' title="bbox 169 2048 1348 2131; baseline -0.005 -19"><span class='ocrx_word' id='word_1_130' title='bbox 169 2052 367 2113; x_wconf 71' lang='lat' dir='ltr'>obsera-&#39;ancia</span> <span class='ocrx_word' id='word_1_131' title='bbox 382 2051 533 2117; x_wconf 86' lang='lat' dir='ltr'>laudatur.</span> <span class='ocrx_word' id='word_1_132' title='bbox 544 2052 679 2131; x_wconf 87' lang='lat' dir='ltr'>sequitur</span> <span class='ocrx_word' id='word_1_133' title='bbox 694 2050 733 2110; x_wconf 88' lang='lat' dir='ltr'>ad</span> <span class='ocrx_word' id='word_1_134' title='bbox 748 2050 977 2111; x_wconf 82' lang='lat' dir='ltr'>observanoiam</span> <span class='ocrx_word' id='word_1_135' title='bbox 993 2050 1208 2111; x_wconf 91' lang='lat' dir='ltr'>mandatorum</span> <span class='ocrx_word' id='word_1_136' title='bbox 1223 2048 1317 2111; x_wconf 83' lang='lat' dir='ltr'>eteoi</span> <span class='ocrx_word' id='word_1_137' title='bbox 1347 2103 1348 2106; x_wconf 74' lang='grc'>,</span> 
     </span>
     <span class='ocr_line' id='line_1_17' title="bbox 168 2150 1352 2234; baseline -0.001 -19"><span class='ocrx_word' id='word_1_138' title='bbox 168 2155 254 2226; x_wconf 90' lang='lat' dir='ltr'>alios,</span> <span class='ocrx_word' id='word_1_139' title='bbox 271 2151 344 2234; x_wconf 82' lang='lat' dir='ltr'>quo⁸</span> <span class='ocrx_word' id='word_1_140' title='bbox 360 2153 534 2234; x_wconf 85' lang='lat' dir='ltr'>alloquitur,</span> <span class='ocrx_word' id='word_1_141' title='bbox 554 2154 662 2231; x_wconf 82' lang='lat' dir='ltr'>regula</span> <span class='ocrx_word' id='word_1_142' title='bbox 678 2153 796 2232; x_wconf 81' lang='lat' dir='ltr'>obligat</span> <span class='ocrx_word' id='word_1_143' title='bbox 810 2155 850 2215; x_wconf 92' lang='lat' dir='ltr'>ad</span> <span class='ocrx_word' id='word_1_144' title='bbox 869 2153 1061 2223; x_wconf 84' lang='lat' dir='ltr'>antecedens,</span> <span class='ocrx_word' id='word_1_145' title='bbox 1082 2150 1202 2229; x_wconf 80' lang='lat' dir='ltr'>obligat</span> <span class='ocrx_word' id='word_1_146' title='bbox 1221 2152 1261 2214; x_wconf 89' lang='lat' dir='ltr'>ad</span> <span class='ocrx_word' id='word_1_147' title='bbox 1277 2174 1319 2233; x_wconf 55' lang='lat' dir='ltr'>qu</span> <span class='ocrx_word' id='word_1_148' title='bbox 1350 2183 1352 2192; x_wconf 29' lang='grc' dir='ltr'><em>ι</em></span> 
     </span>
     <span class='ocr_line' id='line_1_18' title="bbox 170 2255 1336 2336; baseline -0.003 -18"><span class='ocrx_word' id='word_1_149' title='bbox 170 2278 288 2336; x_wconf 85' lang='lat' dir='ltr'>cunque</span> <span class='ocrx_word' id='word_1_150' title='bbox 303 2255 472 2316; x_wconf 80' lang='lat' dir='ltr'>formaliter</span> <span class='ocrx_word' id='word_1_151' title='bbox 486 2277 672 2336; x_wconf 85' lang='lat' dir='ltr'>consequens</span> <span class='ocrx_word' id='word_1_152' title='bbox 690 2256 858 2317; x_wconf 85' lang='lat' dir='ltr'>excedam.</span> <span class='ocrx_word' id='word_1_153' title='bbox 887 2256 921 2316; x_wconf 83' lang='lat' dir='ltr'>Si</span> <span class='ocrx_word' id='word_1_154' title='bbox 935 2256 1016 2316; x_wconf 90' lang='lat' dir='ltr'>enim</span> <span class='ocrx_word' id='word_1_155' title='bbox 1029 2255 1097 2335; x_wconf 87' lang='lat' dir='ltr'>quia</span> <span class='ocrx_word' id='word_1_156' title='bbox 1114 2255 1216 2335; x_wconf 76' lang='lat' dir='ltr'>diligit</span> <span class='ocrx_word' id='word_1_157' title='bbox 1230 2255 1312 2317; x_wconf 83' lang='lat' dir='ltr'>deum</span> <span class='ocrx_word' id='word_1_158' title='bbox 1327 2284 1336 2300; x_wconf 68' lang='lat'>,‚</span> 
     </span>
     <span class='ocr_line' id='line_1_19' title="bbox 171 2356 1351 2431; baseline -0.003 -10"><span class='ocrx_word' id='word_1_159' title='bbox 171 2369 233 2421; x_wconf 88' lang='lat' dir='ltr'>toto</span> <span class='ocrx_word' id='word_1_160' title='bbox 253 2360 353 2431; x_wconf 89' lang='lat' dir='ltr'>corde,</span> <span class='ocrx_word' id='word_1_161' title='bbox 378 2380 416 2419; x_wconf 81' lang='lat' dir='ltr'>en</span> <span class='ocrx_word' id='word_1_162' title='bbox 431 2368 495 2418; x_wconf 89' lang='lat' dir='ltr'>tota</span> <span class='ocrx_word' id='word_1_163' title='bbox 511 2360 612 2419; x_wconf 89' lang='lat' dir='ltr'>anima</span> <span class='ocrx_word' id='word_1_164' title='bbox 628 2370 658 2419; x_wconf 89' lang='lat' dir='ltr'>et</span> <span class='ocrx_word' id='word_1_165' title='bbox 680 2380 719 2420; x_wconf 86' lang='lat' dir='ltr'>ex</span> <span class='ocrx_word' id='word_1_166' title='bbox 739 2368 928 2431; x_wconf 83' lang='lat' dir='ltr'>tutamenta,</span> <span class='ocrx_word' id='word_1_167' title='bbox 943 2370 1016 2419; x_wconf 88' lang='lat' dir='ltr'>tunc</span> <span class='ocrx_word' id='word_1_168' title='bbox 1035 2356 1180 2419; x_wconf 86' lang='lat' dir='ltr'>observat</span> <span class='ocrx_word' id='word_1_169' title='bbox 1194 2358 1351 2425; x_wconf 66' lang='lat' dir='ltr'>castium.</span> 
     </span>
     <span class='ocr_line' id='line_1_20' title="bbox 170 2454 1342 2542; baseline -0.003 -19"><span class='ocrx_word' id='word_1_170' title='bbox 170 2472 383 2542; x_wconf 87' lang='lat' dir='ltr'>paupertatem</span> <span class='ocrx_word' id='word_1_171' title='bbox 402 2469 432 2521; x_wconf 91' lang='lat' dir='ltr'>et</span> <span class='ocrx_word' id='word_1_172' title='bbox 446 2461 653 2522; x_wconf 83' lang='lat' dir='ltr'>obedienciam</span> <span class='ocrx_word' id='word_1_173' title='bbox 672 2460 729 2521; x_wconf 92' lang='lat' dir='ltr'>deo</span> <span class='ocrx_word' id='word_1_174' title='bbox 748 2458 834 2534; x_wconf 80' lang='lat' dir='ltr'>suo⁹;</span> <span class='ocrx_word' id='word_1_175' title='bbox 847 2462 1028 2533; x_wconf 87' lang='lat' dir='ltr'>castitatem,</span> <span class='ocrx_word' id='word_1_176' title='bbox 1052 2462 1125 2541; x_wconf 91' lang='lat' dir='ltr'>quia</span> <span class='ocrx_word' id='word_1_177' title='bbox 1141 2461 1228 2521; x_wconf 88' lang='lat' dir='ltr'>illam</span> <span class='ocrx_word' id='word_1_178' title='bbox 1246 2481 1267 2541; x_wconf 93' lang='lat' dir='ltr'>p</span> <span class='ocrx_word' id='word_1_179' title='bbox 1287 2454 1342 2512; x_wconf 69' lang='lat'>=.&#39;&#39;·.</span> 
     </span>
     <span class='ocr_line' id='line_1_21' title="bbox 173 2563 1265 2645; baseline -0.003 -19"><span class='ocrx_word' id='word_1_180' title='bbox 173 2566 247 2626; x_wconf 88' lang='lat' dir='ltr'>deus</span> <span class='ocrx_word' id='word_1_181' title='bbox 262 2563 387 2625; x_wconf 89' lang='lat' dir='ltr'>cuilibet</span> <span class='ocrx_word' id='word_1_182' title='bbox 409 2566 564 2635; x_wconf 70' lang='lat' dir='ltr'>cristinam</span> <span class='ocrx_word' id='word_1_183' title='bbox 589 2574 809 2643; x_wconf 88' lang='lat' dir='ltr'>paupertatem,</span> <span class='ocrx_word' id='word_1_184' title='bbox 833 2566 905 2645; x_wconf 87' lang='lat' dir='ltr'>quia</span> <span class='ocrx_word' id='word_1_185' title='bbox 927 2565 1016 2625; x_wconf 86' lang='lat' dir='ltr'>aliter</span> <span class='ocrx_word' id='word_1_186' title='bbox 1038 2584 1100 2624; x_wconf 92' lang='lat' dir='ltr'>non</span> <span class='ocrx_word' id='word_1_187' title='bbox 1122 2562 1333 2643; x_wconf 82' lang='lat' dir='ltr'>diligeret</span> 
     </span>
     <span class='ocr_line' id='line_1_22' title="bbox 173 2663 1356 2747; baseline -0.001 -19"><span class='ocrx_word' id='word_1_188' title='bbox 173 2688 211 2728; x_wconf 81' lang='lat' dir='ltr'>ex</span> <span class='ocrx_word' id='word_1_189' title='bbox 243 2667 427 2739; x_wconf 89' lang='lat' dir='ltr'>totocorde,</span> <span class='ocrx_word' id='word_1_190' title='bbox 452 2669 509 2728; x_wconf 90' lang='lat' dir='ltr'>nisi</span> <span class='ocrx_word' id='word_1_191' title='bbox 531 2663 734 2728; x_wconf 84' lang='lat' dir='ltr'>imitaretur¹⁰</span> <span class='ocrx_word' id='word_1_192' title='bbox 764 2668 797 2728; x_wconf 93' lang='lat' dir='ltr'>in</span> <span class='ocrx_word' id='word_1_193' title='bbox 833 2676 1016 2747; x_wconf 87' lang='lat' dir='ltr'>paupertate</span> <span class='ocrx_word' id='word_1_194' title='bbox 1045 2667 1223 2728; x_wconf 71' lang='lat' dir='ltr'>voluntaria</span> <span class='ocrx_word' id='word_1_195' title='bbox 1244 2664 1356 2727; x_wconf 77' lang='lat' dir='ltr'>crisa·</span> 
     </span>
     <span class='ocr_line' id='line_1_23' title="bbox 174 2768 1360 2851; baseline -0.002 -20"><span class='ocrx_word' id='word_1_196' title='bbox 174 2771 233 2832; x_wconf 90' lang='lat' dir='ltr'>dei.</span> <span class='ocrx_word' id='word_1_197' title='bbox 277 2770 349 2849; x_wconf 90' lang='lat' dir='ltr'>lpse</span> <span class='ocrx_word' id='word_1_198' title='bbox 381 2771 460 2830; x_wconf 87' lang='lat' dir='ltr'>enim</span> <span class='ocrx_word' id='word_1_199' title='bbox 492 2769 567 2830; x_wconf 83' lang='lat' dir='ltr'>dicit</span> <span class='ocrx_word' id='word_1_200' title='bbox 587 2769 698 2831; x_wconf 86' lang='lat' dir='ltr'>Matth.</span> <span class='ocrx_word' id='word_1_201' title='bbox 724 2776 773 2832; x_wconf 77' lang='lat'>5⁰:</span> <span class='ocrx_word' id='word_1_202' title='bbox 805 2771 889 2831; x_wconf 86' lang='lat' dir='ltr'>beati</span> <span class='ocrx_word' id='word_1_203' title='bbox 913 2790 1064 2850; x_wconf 88' lang='lat' dir='ltr'>pauperes</span> <span class='ocrx_word' id='word_1_204' title='bbox 1086 2770 1208 2849; x_wconf 89' lang='lat' dir='ltr'>spiritu,</span> <span class='ocrx_word' id='word_1_205' title='bbox 1235 2768 1360 2851; x_wconf 75' lang='lat' dir='ltr'>quonian</span> 
     </span>
     <span class='ocr_line' id='line_1_24' title="bbox 173 2873 1382 2953; baseline -0.002 -20"><span class='ocrx_word' id='word_1_206' title='bbox 173 2874 306 2952; x_wconf 73' lang='lat' dir='ltr'>ipsorum</span> <span class='ocrx_word' id='word_1_207' title='bbox 331 2886 377 2933; x_wconf 86' lang='lat' dir='ltr'>est</span> <span class='ocrx_word' id='word_1_208' title='bbox 398 2894 524 2952; x_wconf 80' lang='lat' dir='ltr'>regnum</span> <span class='ocrx_word' id='word_1_209' title='bbox 549 2873 692 2933; x_wconf 84' lang='lat' dir='ltr'>celorum.</span> <span class='ocrx_word' id='word_1_210' title='bbox 729 2873 790 2933; x_wconf 91' lang='lat' dir='ltr'>Illa</span> <span class='ocrx_word' id='word_1_211' title='bbox 811 2893 883 2952; x_wconf 82' lang='lat' dir='ltr'>ergo</span> <span class='ocrx_word' id='word_1_212' title='bbox 905 2882 1071 2952; x_wconf 81' lang='lat' dir='ltr'>paupertas</span> <span class='ocrx_word' id='word_1_213' title='bbox 1094 2873 1230 2951; x_wconf 81' lang='lat' dir='ltr'>spiritus,</span> <span class='ocrx_word' id='word_1_214' title='bbox 1253 2892 1310 2953; x_wconf 85' lang='lat' dir='ltr'>que</span> <span class='ocrx_word' id='word_1_215' title='bbox 1327 2876 1382 2931; x_wconf 80' lang='lat' dir='ltr'>att·</span> 
     </span>
     <span class='ocr_line' id='line_1_25' title="bbox 173 2974 1365 3056; baseline 0.002 -21"><span class='ocrx_word' id='word_1_216' title='bbox 173 2976 297 3055; x_wconf 88' lang='lat' dir='ltr'>optima,</span> <span class='ocrx_word' id='word_1_217' title='bbox 322 2986 368 3036; x_wconf 85' lang='lat' dir='ltr'>cst</span> <span class='ocrx_word' id='word_1_218' title='bbox 390 2977 430 3037; x_wconf 92' lang='lat' dir='ltr'>ad</span> <span class='ocrx_word' id='word_1_219' title='bbox 454 2975 673 3036; x_wconf 86' lang='lat' dir='ltr'>beatitudinem</span> <span class='ocrx_word' id='word_1_220' title='bbox 695 2977 849 3055; x_wconf 84' lang='lat' dir='ltr'>requisita.</span> <span class='ocrx_word' id='word_1_221' title='bbox 878 2976 922 3036; x_wconf 90' lang='lat' dir='ltr'>Et</span> <span class='ocrx_word' id='word_1_222' title='bbox 935 2986 1083 3056; x_wconf 88' lang='lat' dir='ltr'>quantum</span> <span class='ocrx_word' id='word_1_223' title='bbox 1099 2976 1141 3036; x_wconf 91' lang='lat' dir='ltr'>ad</span> <span class='ocrx_word' id='word_1_224' title='bbox 1157 2974 1365 3045; x_wconf 75' lang='lat' dir='ltr'>obedienciam.</span> 
     </span>
     <span class='ocr_line' id='line_1_26' title="bbox 173 3076 1382 3159; baseline -0.002 -20"><span class='ocrx_word' id='word_1_225' title='bbox 173 3079 367 3139; x_wconf 81' lang='lat' dir='ltr'>manifestum</span> <span class='ocrx_word' id='word_1_226' title='bbox 395 3088 449 3149; x_wconf 88' lang='lat' dir='ltr'>est,</span> <span class='ocrx_word' id='word_1_227' title='bbox 482 3079 563 3157; x_wconf 89' lang='lat' dir='ltr'>quod</span> <span class='ocrx_word' id='word_1_228' title='bbox 586 3076 679 3138; x_wconf 86' lang='lat' dir='ltr'>Cristi</span> <span class='ocrx_word' id='word_1_229' title='bbox 700 3078 859 3139; x_wconf 84' lang='lat' dir='ltr'>eonsilium</span> <span class='ocrx_word' id='word_1_230' title='bbox 886 3077 1019 3159; x_wconf 89' lang='lat' dir='ltr'>loquitur</span> <span class='ocrx_word' id='word_1_231' title='bbox 1049 3076 1088 3137; x_wconf 91' lang='lat' dir='ltr'>de</span> <span class='ocrx_word' id='word_1_232' title='bbox 1116 3077 1299 3141; x_wconf 78' lang='lat' dir='ltr'>obediencia</span> <span class='ocrx_word' id='word_1_233' title='bbox 1319 3080 1382 3141; x_wconf 67' lang='lat' dir='ltr'>secl</span> 
     </span>
     <span class='ocr_line' id='line_1_27' title="bbox 174 3179 1372 3261; baseline 0.001 -19"><span class='ocrx_word' id='word_1_234' title='bbox 174 3182 276 3243; x_wconf 82' lang='lat' dir='ltr'>vando</span> <span class='ocrx_word' id='word_1_235' title='bbox 308 3182 364 3241; x_wconf 91' lang='lat' dir='ltr'>deo</span> <span class='ocrx_word' id='word_1_236' title='bbox 396 3191 487 3261; x_wconf 84' lang='lat' dir='ltr'>atque</span> <span class='ocrx_word' id='word_1_237' title='bbox 510 3183 678 3261; x_wconf 84' lang='lat' dir='ltr'>prepositis,</span> <span class='ocrx_word' id='word_1_238' title='bbox 711 3201 781 3259; x_wconf 79' lang='lat' dir='ltr'>ymo</span> <span class='ocrx_word' id='word_1_239' title='bbox 803 3181 892 3241; x_wconf 86' lang='lat' dir='ltr'>fratri</span> <span class='ocrx_word' id='word_1_240' title='bbox 913 3179 1039 3241; x_wconf 84' lang='lat' dir='ltr'>cuilibet</span> <span class='ocrx_word' id='word_1_241' title='bbox 1060 3182 1252 3243; x_wconf 76' lang='lat' dir='ltr'>conviventi.</span> <span class='ocrx_word' id='word_1_242' title='bbox 1297 3180 1372 3245; x_wconf 78' lang='lat' dir='ltr'>Sicu</span> 
     </span>
     <span class='ocr_line' id='line_1_28' title="bbox 174 3277 1375 3354; baseline 0.002 -10"><span class='ocrx_word' id='word_1_243' title='bbox 174 3286 254 3345; x_wconf 91' lang='lat' dir='ltr'>enim</span> <span class='ocrx_word' id='word_1_244' title='bbox 286 3285 360 3344; x_wconf 88' lang='lat' dir='ltr'>deus</span> <span class='ocrx_word' id='word_1_245' title='bbox 391 3283 496 3344; x_wconf 89' lang='lat' dir='ltr'>obedit</span> <span class='ocrx_word' id='word_1_246' title='bbox 526 3285 593 3344; x_wconf 82' lang='lat' dir='ltr'>voci</span> <span class='ocrx_word' id='word_1_247' title='bbox 624 3283 754 3344; x_wconf 89' lang='lat' dir='ltr'>hominia</span> <span class='ocrx_word' id='word_1_248' title='bbox 775 3283 864 3344; x_wconf 85' lang='lat' dir='ltr'>Iosue</span> <span class='ocrx_word' id='word_1_249' title='bbox 888 3277 960 3354; x_wconf 80' lang='lat'>10,·¹</span> <span class='ocrx_word' id='word_1_250' title='bbox 986 3294 1017 3343; x_wconf 90' lang='lat' dir='ltr'>et</span> <span class='ocrx_word' id='word_1_251' title='bbox 1042 3282 1116 3343; x_wconf 79' lang='lat' dir='ltr'>laic-i</span> <span class='ocrx_word' id='word_1_252' title='bbox 1142 3282 1297 3347; x_wconf 88' lang='lat' dir='ltr'>obediunt</span> <span class='ocrx_word' id='word_1_253' title='bbox 1315 3282 1375 3347; x_wconf 78' lang='lat' dir='ltr'>roei</span> 
     </span>
     <span class='ocr_line' id='line_1_29' title="bbox 175 3383 482 3466; baseline -0.01 -18"><span class='ocrx_word' id='word_1_254' title='bbox 175 3383 265 3448; x_wconf 79' lang='lat' dir='ltr'>viri¹¹</span> <span class='ocrx_word' id='word_1_255' title='bbox 289 3387 482 3466; x_wconf 85' lang='lat' dir='ltr'>predicantis.</span> 
     </span>
    </p>

    <p class='ocr_par' dir='ltr' id='par_1_5' title="bbox 175 3487 1381 3672">
     <span class='ocr_line' id='line_1_30' title="bbox 261 3487 1380 3568; baseline 0.001 -20"><span class='ocrx_word' id='word_1_256' title='bbox 261 3488 298 3548; x_wconf 90' lang='lat' dir='ltr'>In</span> <span class='ocrx_word' id='word_1_257' title='bbox 320 3487 377 3550; x_wconf 88' lang='lat' dir='ltr'>boc</span> <span class='ocrx_word' id='word_1_258' title='bbox 400 3509 472 3566; x_wconf 80' lang='lat' dir='ltr'>ergo</span> <span class='ocrx_word' id='word_1_259' title='bbox 494 3489 654 3548; x_wconf 89' lang='lat' dir='ltr'>iniuriotur</span> <span class='ocrx_word' id='word_1_260' title='bbox 675 3488 762 3549; x_wconf 85' lang='lat' dir='ltr'>nobis</span> <span class='ocrx_word' id='word_1_261' title='bbox 783 3488 839 3549; x_wconf 88' lang='lat' dir='ltr'>iste</span> <span class='ocrx_word' id='word_1_262' title='bbox 862 3488 1011 3561; x_wconf 86' lang='lat' dir='ltr'>dominus,</span> <span class='ocrx_word' id='word_1_263' title='bbox 1030 3487 1113 3568; x_wconf 87' lang='lat' dir='ltr'>quod</span> <span class='ocrx_word' id='word_1_264' title='bbox 1136 3489 1284 3551; x_wconf 85' lang='lat' dir='ltr'>excludit</span> <span class='ocrx_word' id='word_1_265' title='bbox 1305 3510 1380 3551; x_wconf 82' lang='lat' dir='ltr'>secu·</span> 
     </span>
     <span class='ocr_line' id='line_1_31' title="bbox 175 3586 1381 3672; baseline 0.003 -20"><span class='ocrx_word' id='word_1_266' title='bbox 175 3586 288 3653; x_wconf 76' lang='lat' dir='ltr'>larcs¹²</span> <span class='ocrx_word' id='word_1_267' title='bbox 310 3604 373 3651; x_wconf 89' lang='lat' dir='ltr'>tom</span> <span class='ocrx_word' id='word_1_268' title='bbox 401 3591 593 3670; x_wconf 80' lang='lat' dir='ltr'>presbyteros</span> <span class='ocrx_word' id='word_1_269' title='bbox 621 3611 712 3672; x_wconf 90' lang='lat' dir='ltr'>quam</span> <span class='ocrx_word' id='word_1_270' title='bbox 735 3591 830 3652; x_wconf 86' lang='lat' dir='ltr'>laicos</span> <span class='ocrx_word' id='word_1_271' title='bbox 856 3610 875 3650; x_wconf 92' lang='lat' dir='ltr'>a</span> <span class='ocrx_word' id='word_1_272' title='bbox 897 3588 989 3651; x_wconf 79' lang='lat' dir='ltr'>(bisti</span> <span class='ocrx_word' id='word_1_273' title='bbox 1010 3590 1145 3651; x_wconf 85' lang='lat' dir='ltr'>consiliis</span> <span class='ocrx_word' id='word_1_274' title='bbox 1170 3592 1381 3655; x_wconf 78' lang='lat' dir='ltr'>observandis.</span> 
     </span>
    </p>
   </div>
   <div class='ocr_carea' id='block_1_3' title="bbox 390 3741 702 3795">
    <p class='ocr_par' dir='ltr' id='par_1_6' title="bbox 390 3741 702 3795">
     <span class='ocr_line' id='line_1_32' title="bbox 390 3741 702 3795; baseline 0.013 -4"><span class='ocrx_word' id='word_1_275' title='bbox 390 3749 466 3795; x_wconf 64' lang='lat' dir='ltr'>‘aa</span> <span class='ocrx_word' id='word_1_276' title='bbox 536 3741 549 3771; x_wconf 83' lang='lat'>‘¹</span> <span class='ocrx_word' id='word_1_277' title='bbox 566 3762 587 3793; x_wconf 69' lang='lat' dir='ltr'>r.</span> <span class='ocrx_word' id='word_1_278' title='bbox 603 3748 702 3795; x_wconf 70' lang='lat'><strong><em>19-13</em></strong></span> 
     </span>
    </p>
   </div>
   <div class='ocr_carea' id='block_1_4' title="bbox 173 3858 1384 4269">
    <p class='ocr_par' dir='ltr' id='par_1_7' title="bbox 173 3858 1384 4269">
     <span class='ocr_line' id='line_1_33' title="bbox 244 3858 1383 3924; baseline 0.001 -10"><span class='ocrx_word' id='word_1_279' title='bbox 244 3863 505 3915; x_wconf 76' lang='lat' dir='ltr'>⁶accidentalitch</span> <span class='ocrx_word' id='word_1_280' title='bbox 540 3864 714 3914; x_wconf 88' lang='lat' dir='ltr'>actumterI)</span> <span class='ocrx_word' id='word_1_281' title='bbox 766 3860 901 3913; x_wconf 76' lang='lat' dir='ltr'>‘inteCD</span> <span class='ocrx_word' id='word_1_282' title='bbox 935 3863 1066 3924; x_wconf 68' lang='lat' dir='ltr'>atowe</span> <span class='ocrx_word' id='word_1_283' title='bbox 1122 3858 1171 3912; x_wconf 71' lang='lat' dir='ltr'>²r.</span> <span class='ocrx_word' id='word_1_284' title='bbox 1185 3880 1241 3917; x_wconf 66' lang='lat' dir='ltr'>eu</span> <span class='ocrx_word' id='word_1_285' title='bbox 1273 3882 1298 3916; x_wconf 74' lang='lat' dir='ltr'>c·</span> <span class='ocrx_word' id='word_1_286' title='bbox 1311 3882 1331 3917; x_wconf 87' lang='lat' dir='ltr'>r.</span> <span class='ocrx_word' id='word_1_287' title='bbox 1342 3864 1383 3915; x_wconf 75' lang='lat' dir='ltr'>CB</span> 
     </span>
     <span class='ocr_line' id='line_1_34' title="bbox 177 3946 1384 4016; baseline 0.003 -17"><span class='ocrx_word' id='word_1_288' title='bbox 177 3950 222 4000; x_wconf 62' lang='lat' dir='ltr'>3i.</span> <span class='ocrx_word' id='word_1_289' title='bbox 242 3967 265 4000; x_wconf 85' lang='lat' dir='ltr'>a.</span> <span class='ocrx_word' id='word_1_290' title='bbox 284 3952 372 4016; x_wconf 73' lang='grc' dir='ltr'><strong><em>ῳιυΙ)</em></strong></span> <span class='ocrx_word' id='word_1_291' title='bbox 418 3951 433 3999; x_wconf 88' lang='lat' dir='ltr'>i.</span> <span class='ocrx_word' id='word_1_292' title='bbox 453 3952 538 4015; x_wconf 76' lang='lat' dir='ltr'>quot‘</span> <span class='ocrx_word' id='word_1_293' title='bbox 581 3950 637 4015; x_wconf 78' lang='lat' dir='ltr'>ipse</span> <span class='ocrx_word' id='word_1_294' title='bbox 707 3950 864 4015; x_wconf 57' lang='lat' dir='ltr'>queastio)</span> <span class='ocrx_word' id='word_1_295' title='bbox 933 3946 1023 3997; x_wconf 72' lang='lat' dir='ltr'>⁹tn1)</span> <span class='ocrx_word' id='word_1_296' title='bbox 1041 3950 1063 3997; x_wconf 77' lang='lat' dir='ltr'>ir</span> <span class='ocrx_word' id='word_1_297' title='bbox 1080 3949 1141 3998; x_wconf 78' lang='lat' dir='ltr'>add.</span> <span class='ocrx_word' id='word_1_298' title='bbox 1160 3950 1190 3998; x_wconf 77' lang='lat' dir='ltr'>iu</span> <span class='ocrx_word' id='word_1_299' title='bbox 1208 3968 1291 4002; x_wconf 75' lang='lat' dir='ltr'>mr„-</span> <span class='ocrx_word' id='word_1_300' title='bbox 1314 3952 1384 4015; x_wconf 82' lang='lat' dir='ltr'>Quod</span> 
     </span>
     <span class='ocr_line' id='line_1_35' title="bbox 176 4034 1384 4101; baseline 0.001 -15"><span class='ocrx_word' id='word_1_301' title='bbox 176 4046 268 4086; x_wconf 80' lang='lat' dir='ltr'>tomms</span> <span class='ocrx_word' id='word_1_302' title='bbox 286 4036 439 4101; x_wconf 74' lang='lat' dir='ltr'>religionem</span> <span class='ocrx_word' id='word_1_303' title='bbox 457 4036 604 4086; x_wconf 81' lang='lat' dir='ltr'>cristianam</span> <span class='ocrx_word' id='word_1_304' title='bbox 617 4035 699 4085; x_wconf 80' lang='lat' dir='ltr'>eciam</span> <span class='ocrx_word' id='word_1_305' title='bbox 718 4042 791 4085; x_wconf 88' lang='lat' dir='ltr'>tenet</span> <span class='ocrx_word' id='word_1_306' title='bbox 807 4041 989 4100; x_wconf 88' lang='lat' dir='ltr'>paupertatem</span> <span class='ocrx_word' id='word_1_307' title='bbox 1000 4034 1150 4084; x_wconf 80' lang='lat' dir='ltr'>castitatem</span> <span class='ocrx_word' id='word_1_308' title='bbox 1161 4042 1192 4084; x_wconf 84' lang='lat' dir='ltr'>et</span> <span class='ocrx_word' id='word_1_309' title='bbox 1204 4036 1384 4089; x_wconf 79' lang='lat' dir='ltr'>obedienciam</span> 
     </span>
     <span class='ocr_line' id='line_1_36' title="bbox 173 4118 1384 4186; baseline 0.002 -17"><span class='ocrx_word' id='word_1_310' title='bbox 173 4124 242 4171; x_wconf 70' lang='lat' dir='ltr'>sicut</span> <span class='ocrx_word' id='word_1_311' title='bbox 255 4132 279 4170; x_wconf 82' lang='lat' dir='ltr'>ct</span> <span class='ocrx_word' id='word_1_312' title='bbox 293 4120 475 4186; x_wconf 67' lang='lat' dir='ltr'>religiosnslfl</span> <span class='ocrx_word' id='word_1_313' title='bbox 530 4119 550 4148; x_wconf 83' lang='lat'>¹⁰</span> <span class='ocrx_word' id='word_1_314' title='bbox 562 4121 707 4170; x_wconf 85' lang='lat' dir='ltr'>imitaretur</span> <span class='ocrx_word' id='word_1_315' title='bbox 716 4122 761 4171; x_wconf 82' lang='lat' dir='ltr'>Da</span> <span class='ocrx_word' id='word_1_316' title='bbox 792 4120 937 4170; x_wconf 78' lang='lat' dir='ltr'>imitarett‘</span> <span class='ocrx_word' id='word_1_317' title='bbox 988 4118 1007 4147; x_wconf 82' lang='lat'>¹¹</span> <span class='ocrx_word' id='word_1_318' title='bbox 1021 4119 1117 4169; x_wconf 79' lang='lat' dir='ltr'>viriCa</span> <span class='ocrx_word' id='word_1_319' title='bbox 1149 4122 1250 4172; x_wconf 79' lang='lat' dir='ltr'>rcriD</span> <span class='ocrx_word' id='word_1_320' title='bbox 1305 4122 1384 4175; x_wconf 72' lang='lat' dir='ltr'>“acc</span> 
     </span>
     <span class='ocr_line' id='line_1_37' title="bbox 178 4208 635 4269; baseline 0 -14"><span class='ocrx_word' id='word_1_321' title='bbox 178 4210 215 4257; x_wconf 80' lang='lat' dir='ltr'>Cn</span> <span class='ocrx_word' id='word_1_322' title='bbox 254 4216 306 4256; x_wconf 80' lang='lat' dir='ltr'>tam</span> <span class='ocrx_word' id='word_1_323' title='bbox 319 4210 372 4256; x_wconf 79' lang='lat' dir='ltr'>(rr.</span> <span class='ocrx_word' id='word_1_324' title='bbox 385 4214 426 4256; x_wconf 77' lang='lat' dir='ltr'>out</span> <span class='ocrx_word' id='word_1_325' title='bbox 441 4210 464 4269; x_wconf 62' lang='lat' dir='ltr'>d·</span> <span class='ocrx_word' id='word_1_326' title='bbox 477 4209 535 4268; x_wconf 83' lang='lat' dir='ltr'>ud.)</span> <span class='ocrx_word' id='word_1_327' title='bbox 548 4223 598 4257; x_wconf 81' lang='lat' dir='ltr'>aec.</span> <span class='ocrx_word' id='word_1_328' title='bbox 609 4208 635 4255; x_wconf 92' lang='lat' dir='ltr'><em>D</em></span> 
     </span>
    </p>
   </div>
   <div class='ocr_carea' id='block_1_5' title="bbox 0 0 1560 5024">
    <p class='ocr_par' dir='ltr' id='par_1_8' title="bbox 0 0 1560 5024">
     <span class='ocr_line' id='line_1_38' title="bbox 0 0 1560 5024; baseline 0 0"><span class='ocrx_word' id='word_1_329' title='bbox 0 0 1560 5024; x_wconf 95' lang='lat' dir='ltr'> </span> 
     </span>
    </p>
   </div>
  </div>
 </body>
</html>
