<?xml version="1.0" encoding="UTF-8"?>
<!DOCTYPE html PUBLIC "-//W3C//DTD XHTML 1.0 Transitional//EN"
    "http://www.w3.org/TR/xhtml1/DTD/xhtml1-transitional.dtd">
<html xmlns="http://www.w3.org/1999/xhtml" xml:lang="en" lang="en">
 <head>
  <title>
</title>
<meta http-equiv="Content-Type" content="text/html;charset=utf-8" />
  <meta name='ocr-system' content='tesseract 3.04.00' />
  <meta name='ocr-capabilities' content='ocr_page ocr_carea ocr_par ocr_line ocrx_word'/>
</head>
<body>
  <div class='ocr_page' id='page_1' title='image "./johnwiclifspole00wyclgoog/johnwiclifspole00wyclgoog_0436.png"; bbox 0 0 3082 5024; ppageno 0'>
   <div class='ocr_carea' id='block_1_1' title="bbox 623 467 950 516">
    <p class='ocr_par' dir='ltr' id='par_1_1' title="bbox 623 467 950 516">
     <span class='ocr_line' id='line_1_1' title="bbox 623 467 950 516; baseline 0 -1"><span class='ocrx_word' id='word_1_1' title='bbox 623 467 802 516; x_wconf 76' lang='lat' dir='ltr'><strong><em>GENERAL</em></strong></span> <span class='ocrx_word' id='word_1_2' title='bbox 820 467 950 516; x_wconf 75' lang='lat' dir='ltr'><strong>INDEX.</strong></span> 
     </span>
    </p>
   </div>
   <div class='ocr_carea' id='block_1_2' title="bbox 165 636 1385 3107">
    <p class='ocr_par' dir='ltr' id='par_1_2' title="bbox 165 636 1385 3107">
     <span class='ocr_line' id='line_1_2' title="bbox 168 636 1250 704; baseline 0.004 -20"><span class='ocrx_word' id='word_1_3' title='bbox 168 637 236 685; x_wconf 84' lang='lat' dir='ltr'>Pars</span> <span class='ocrx_word' id='word_1_4' title='bbox 249 636 427 701; x_wconf 83' lang='lat' dir='ltr'>quantitatira</span> <span class='ocrx_word' id='word_1_5' title='bbox 439 642 466 686; x_wconf 88' lang='lat' dir='ltr'>et</span> <span class='ocrx_word' id='word_1_6' title='bbox 478 636 760 704; x_wconf 85' lang='lat' dir='ltr'>qualitativacorporis.</span> <span class='ocrx_word' id='word_1_7' title='bbox 805 639 915 687; x_wconf 84' lang='lat' dir='ltr'>Pasture</span> <span class='ocrx_word' id='word_1_8' title='bbox 933 638 1037 703; x_wconf 85' lang='lat' dir='ltr'>publico</span> <span class='ocrx_word' id='word_1_9' title='bbox 1055 639 1173 687; x_wconf 89' lang='lat' dir='ltr'>ordinum</span> <span class='ocrx_word' id='word_1_10' title='bbox 1194 641 1250 693; x_wconf 84' lang='lat'><strong>102.</strong></span> 
     </span>
     <span class='ocr_line' id='line_1_3' title="bbox 207 706 1200 772; baseline 0.003 -18"><span class='ocrx_word' id='word_1_11' title='bbox 207 706 270 754; x_wconf 95' lang='grc'><strong>660.</strong></span> <span class='ocrx_word' id='word_1_12' title='bbox 807 707 884 756; x_wconf 86' lang='lat' dir='ltr'>Pater</span> <span class='ocrx_word' id='word_1_13' title='bbox 902 706 999 772; x_wconf 81' lang='lat' dir='ltr'>duplex</span> <span class='ocrx_word' id='word_1_14' title='bbox 1016 708 1124 756; x_wconf 79' lang='lat' dir='ltr'>fratrum</span> <span class='ocrx_word' id='word_1_15' title='bbox 1143 709 1200 757; x_wconf 78' lang='lat'><strong>463.</strong></span> 
     </span>
     <span class='ocr_line' id='line_1_4' title="bbox 168 772 1179 841; baseline 0.004 -19"><span class='ocrx_word' id='word_1_16' title='bbox 168 800 204 808; x_wconf 97' lang='lat'>-</span> <span class='ocrx_word' id='word_1_17' title='bbox 224 773 340 838; x_wconf 89' lang='lat' dir='ltr'>corporis</span> <span class='ocrx_word' id='word_1_18' title='bbox 358 772 456 838; x_wconf 82' lang='lat' dir='ltr'>duplex</span> <span class='ocrx_word' id='word_1_19' title='bbox 474 780 514 823; x_wconf 89' lang='lat' dir='ltr'>est</span> <span class='ocrx_word' id='word_1_20' title='bbox 531 776 589 824; x_wconf 89' lang='lat'><strong>660.</strong></span> <span class='ocrx_word' id='word_1_21' title='bbox 778 800 780 807; x_wconf 94' lang='lat'>·</span> <span class='ocrx_word' id='word_1_22' title='bbox 806 802 837 811; x_wconf 94' lang='lat'>-</span> <span class='ocrx_word' id='word_1_23' title='bbox 856 777 989 841; x_wconf 86' lang='lat' dir='ltr'>putativus</span> <span class='ocrx_word' id='word_1_24' title='bbox 1007 775 1104 825; x_wconf 90' lang='lat' dir='ltr'>domini</span> <span class='ocrx_word' id='word_1_25' title='bbox 1122 778 1179 826; x_wconf 78' lang='grc'><strong>456.</strong></span> 
     </span>
     <span class='ocr_line' id='line_1_5' title="bbox 167 830 1205 910; baseline 0.001 -18"><span class='ocrx_word' id='word_1_26' title='bbox 167 869 204 878; x_wconf 95' lang='grc'>-</span> <span class='ocrx_word' id='word_1_27' title='bbox 222 842 308 892; x_wconf 84' lang='lat' dir='ltr'>tercia</span> <span class='ocrx_word' id='word_1_28' title='bbox 326 842 437 892; x_wconf 84' lang='lat' dir='ltr'>ecclesie</span> <span class='ocrx_word' id='word_1_29' title='bbox 454 842 599 892; x_wconf 83' lang='lat' dir='ltr'>infirmatur</span> <span class='ocrx_word' id='word_1_30' title='bbox 617 844 675 893; x_wconf 83' lang='lat'><strong>243.</strong></span> <span class='ocrx_word' id='word_1_31' title='bbox 778 830 780 905; x_wconf 57' lang='lat' dir='ltr'>f</span> <span class='ocrx_word' id='word_1_32' title='bbox 807 872 838 880; x_wconf 94' lang='lat'>-</span> <span class='ocrx_word' id='word_1_33' title='bbox 857 845 986 894; x_wconf 87' lang='lat' dir='ltr'>mendacii</span> <span class='ocrx_word' id='word_1_34' title='bbox 1003 860 1073 910; x_wconf 84' lang='lat' dir='ltr'>papa</span> <span class='ocrx_word' id='word_1_35' title='bbox 1090 851 1131 894; x_wconf 88' lang='lat' dir='ltr'>est</span> <span class='ocrx_word' id='word_1_36' title='bbox 1148 847 1205 895; x_wconf 89' lang='grc'><strong>349.</strong></span> 
     </span>
     <span class='ocr_line' id='line_1_6' title="bbox 166 908 1383 980; baseline 0.003 -20"><span class='ocrx_word' id='word_1_37' title='bbox 166 911 240 960; x_wconf 87' lang='lat' dir='ltr'>—tis</span> <span class='ocrx_word' id='word_1_38' title='bbox 260 910 366 974; x_wconf 79' lang='lat' dir='ltr'>dyaboli</span> <span class='ocrx_word' id='word_1_39' title='bbox 384 911 512 961; x_wconf 83' lang='lat' dir='ltr'>exaltacio</span> <span class='ocrx_word' id='word_1_40' title='bbox 529 927 576 977; x_wconf 90' lang='lat' dir='ltr'>per</span> <span class='ocrx_word' id='word_1_41' title='bbox 586 927 681 977; x_wconf 87' lang='lat' dir='ltr'>papam</span> <span class='ocrx_word' id='word_1_42' title='bbox 694 914 752 963; x_wconf 90' lang='grc'><strong>601.</strong></span> <span class='ocrx_word' id='word_1_43' title='bbox 778 908 780 967; x_wconf 87' lang='lat'>!</span> <span class='ocrx_word' id='word_1_44' title='bbox 805 940 839 950; x_wconf 90' lang='lat'>-</span> <span class='ocrx_word' id='word_1_45' title='bbox 856 913 986 963; x_wconf 84' lang='lat' dir='ltr'>mandacii</span> <span class='ocrx_word' id='word_1_46' title='bbox 1005 913 1155 979; x_wconf 85' lang='lat' dir='ltr'>principalis</span> <span class='ocrx_word' id='word_1_47' title='bbox 1172 922 1301 964; x_wconf 87' lang='lat' dir='ltr'>sectarum</span> <span class='ocrx_word' id='word_1_48' title='bbox 1319 930 1383 980; x_wconf 88' lang='lat' dir='ltr'>qua-</span> 
     </span>
     <span class='ocr_line' id='line_1_7' title="bbox 165 970 972 1065; baseline 0.004 -37"><span class='ocrx_word' id='word_1_49' title='bbox 165 996 218 1045; x_wconf 85' lang='lat' dir='ltr'>pro</span> <span class='ocrx_word' id='word_1_50' title='bbox 239 1005 273 1015; x_wconf 92' lang='lat'><em>-</em></span> <span class='ocrx_word' id='word_1_51' title='bbox 293 995 373 1044; x_wconf 88' lang='lat' dir='ltr'>opere</span> <span class='ocrx_word' id='word_1_52' title='bbox 399 979 525 1029; x_wconf 81' lang='lat' dir='ltr'><strong>laudabili</strong></span> <span class='ocrx_word' id='word_1_53' title='bbox 551 987 634 1030; x_wconf 91' lang='lat' dir='ltr'>totum</span> <span class='ocrx_word' id='word_1_54' title='bbox 661 997 753 1047; x_wconf 87' lang='lat' dir='ltr'>corpus</span> <span class='ocrx_word' id='word_1_55' title='bbox 778 970 780 1065; x_wconf 56' lang='grc' dir='ltr'><strong>ι</strong></span> <span class='ocrx_word' id='word_1_56' title='bbox 839 990 897 1031; x_wconf 92' lang='lat' dir='ltr'>tuor</span> <span class='ocrx_word' id='word_1_57' title='bbox 917 984 972 1032; x_wconf 91' lang='grc'><strong>196.</strong></span> 
     </span>
     <span class='ocr_line' id='line_1_8' title="bbox 205 1047 1303 1102; baseline 0.005 -6"><span class='ocrx_word' id='word_1_58' title='bbox 205 1047 371 1098; x_wconf 85' lang='lat' dir='ltr'>laudandum</span> <span class='ocrx_word' id='word_1_59' title='bbox 389 1051 447 1099; x_wconf 97' lang='grc'><strong>325.</strong></span> <span class='ocrx_word' id='word_1_60' title='bbox 806 1078 837 1086; x_wconf 94' lang='grc'><strong>-</strong></span> <span class='ocrx_word' id='word_1_61' title='bbox 857 1066 984 1101; x_wconf 83' lang='lat' dir='ltr'>exaecans</span> <span class='ocrx_word' id='word_1_62' title='bbox 1002 1052 1118 1100; x_wconf 86' lang='lat' dir='ltr'>animum</span> <span class='ocrx_word' id='word_1_63' title='bbox 1136 1051 1245 1100; x_wconf 79' lang='lat' dir='ltr'>fratrum</span> <span class='ocrx_word' id='word_1_64' title='bbox 1264 1054 1303 1102; x_wconf 91' lang='grc'>51.</span> 
     </span>
     <span class='ocr_line' id='line_1_9' title="bbox 166 1118 1383 1184; baseline 0.004 -18"><span class='ocrx_word' id='word_1_65' title='bbox 166 1134 217 1182; x_wconf 82' lang='lat' dir='ltr'>pro</span> <span class='ocrx_word' id='word_1_66' title='bbox 238 1124 299 1167; x_wconf 91' lang='lat' dir='ltr'>-te</span> <span class='ocrx_word' id='word_1_67' title='bbox 317 1124 401 1166; x_wconf 89' lang='lat' dir='ltr'>totum</span> <span class='ocrx_word' id='word_1_68' title='bbox 422 1118 564 1183; x_wconf 90' lang='lat' dir='ltr'>premietur</span> <span class='ocrx_word' id='word_1_69' title='bbox 587 1125 614 1168; x_wconf 91' lang='lat' dir='ltr'>et</span> <span class='ocrx_word' id='word_1_70' title='bbox 630 1120 754 1184; x_wconf 79' lang='lat' dir='ltr'>puniatur</span> <span class='ocrx_word' id='word_1_71' title='bbox 807 1146 837 1155; x_wconf 95' lang='lat'>-</span> <span class='ocrx_word' id='word_1_72' title='bbox 850 1127 954 1184; x_wconf 89' lang='lat' dir='ltr'>patrum</span> <span class='ocrx_word' id='word_1_73' title='bbox 964 1119 1315 1170; x_wconf 88' lang='lat' dir='ltr'>dehonoraturamoaaohus</span> <span class='ocrx_word' id='word_1_74' title='bbox 1325 1122 1383 1172; x_wconf 88' lang='lat'><strong>131.</strong></span> 
     </span>
     <span class='ocr_line' id='line_1_10' title="bbox 207 1186 1318 1240; baseline 0.003 -4"><span class='ocrx_word' id='word_1_75' title='bbox 207 1186 269 1236; x_wconf 88' lang='grc'><strong>321.</strong></span> <span class='ocrx_word' id='word_1_76' title='bbox 778 1198 780 1229; x_wconf 75' lang='grc' dir='ltr'>ῐ</span> <span class='ocrx_word' id='word_1_77' title='bbox 805 1215 837 1223; x_wconf 82' lang='grc'>-</span> <span class='ocrx_word' id='word_1_78' title='bbox 856 1188 984 1237; x_wconf 84' lang='lat' dir='ltr'>mendacii</span> <span class='ocrx_word' id='word_1_79' title='bbox 1003 1188 1139 1238; x_wconf 77' lang='lat' dir='ltr'>adinvenit</span> <span class='ocrx_word' id='word_1_80' title='bbox 1156 1188 1259 1239; x_wconf 83' lang='lat' dir='ltr'>ordines</span> <span class='ocrx_word' id='word_1_81' title='bbox 1277 1191 1318 1240; x_wconf 92' lang='lat'><strong>26.</strong></span> 
     </span>
     <span class='ocr_line' id='line_1_11' title="bbox 168 1253 1311 1323; baseline 0.003 -20"><span class='ocrx_word' id='word_1_82' title='bbox 168 1264 250 1304; x_wconf 85' lang='lat' dir='ltr'>-tes</span> <span class='ocrx_word' id='word_1_83' title='bbox 269 1253 378 1305; x_wconf 82' lang='lat' dir='ltr'>ecclesie</span> <span class='ocrx_word' id='word_1_84' title='bbox 397 1255 455 1305; x_wconf 89' lang='grc'><strong>101.</strong></span> <span class='ocrx_word' id='word_1_85' title='bbox 778 1254 780 1273; x_wconf 75' lang='grc'><strong>“</strong></span> <span class='ocrx_word' id='word_1_86' title='bbox 807 1283 837 1292; x_wconf 95' lang='grc'>-</span> <span class='ocrx_word' id='word_1_87' title='bbox 856 1264 883 1306; x_wconf 82' lang='grc'>61</span> <span class='ocrx_word' id='word_1_88' title='bbox 900 1256 954 1305; x_wconf 87' lang='lat' dir='ltr'>tilia</span> <span class='ocrx_word' id='word_1_89' title='bbox 972 1257 1084 1306; x_wconf 84' lang='lat' dir='ltr'>invicem</span> <span class='ocrx_word' id='word_1_90' title='bbox 1102 1257 1235 1323; x_wconf 81' lang='lat' dir='ltr'>coniugati</span> <span class='ocrx_word' id='word_1_91' title='bbox 1255 1259 1311 1308; x_wconf 89' lang='grc'><strong>161.</strong></span> 
     </span>
     <span class='ocr_line' id='line_1_12' title="bbox 169 1278 1225 1401; baseline 0.003 -29"><span class='ocrx_word' id='word_1_92' title='bbox 169 1350 204 1359; x_wconf 91' lang='lat'>-·</span> <span class='ocrx_word' id='word_1_93' title='bbox 226 1332 281 1373; x_wconf 85' lang='lat' dir='ltr'>tres</span> <span class='ocrx_word' id='word_1_94' title='bbox 299 1323 409 1373; x_wconf 83' lang='lat' dir='ltr'>ecclesie</span> <span class='ocrx_word' id='word_1_95' title='bbox 430 1325 491 1386; x_wconf 76' lang='lat'>1443</span> <span class='ocrx_word' id='word_1_96' title='bbox 512 1324 580 1373; x_wconf 85' lang='grc'><strong>141.’</strong></span> <span class='ocrx_word' id='word_1_97' title='bbox 778 1278 780 1401; x_wconf 67' lang='lat' dir='ltr'>l</span> <span class='ocrx_word' id='word_1_98' title='bbox 805 1352 836 1361; x_wconf 89' lang='lat'><strong>—</strong></span> <span class='ocrx_word' id='word_1_99' title='bbox 856 1334 895 1375; x_wconf 88' lang='lat' dir='ltr'>est</span> <span class='ocrx_word' id='word_1_100' title='bbox 913 1325 1030 1375; x_wconf 87' lang='lat' dir='ltr'>essenoia</span> <span class='ocrx_word' id='word_1_101' title='bbox 1048 1326 1149 1375; x_wconf 86' lang='lat' dir='ltr'>trinitas</span> <span class='ocrx_word' id='word_1_102' title='bbox 1169 1328 1225 1376; x_wconf 88' lang='lat'>163.</span> 
     </span>
     <span class='ocr_line' id='line_1_13' title="bbox 171 1391 1238 1459; baseline 0.005 -19"><span class='ocrx_word' id='word_1_103' title='bbox 171 1420 202 1428; x_wconf 97' lang='lat'>—</span> <span class='ocrx_word' id='word_1_104' title='bbox 222 1392 301 1457; x_wconf 79' lang='lat' dir='ltr'>regni</span> <span class='ocrx_word' id='word_1_105' title='bbox 319 1391 362 1442; x_wconf 92' lang='lat' dir='ltr'>dei</span> <span class='ocrx_word' id='word_1_106' title='bbox 380 1391 493 1442; x_wconf 86' lang='lat' dir='ltr'>fideliter</span> <span class='ocrx_word' id='word_1_107' title='bbox 510 1393 610 1442; x_wconf 87' lang='lat' dir='ltr'>faciunt</span> <span class='ocrx_word' id='word_1_108' title='bbox 627 1393 697 1459; x_wconf 91' lang='lat' dir='ltr'>quod</span> <span class='ocrx_word' id='word_1_109' title='bbox 715 1394 753 1444; x_wconf 85' lang='lat' dir='ltr'>eis</span> <span class='ocrx_word' id='word_1_110' title='bbox 777 1406 780 1457; x_wconf 71' lang='grc' dir='ltr'><strong>ξ</strong></span> <span class='ocrx_word' id='word_1_111' title='bbox 805 1421 838 1430; x_wconf 84' lang='lat'>-</span> <span class='ocrx_word' id='word_1_112' title='bbox 856 1399 896 1443; x_wconf 89' lang='lat' dir='ltr'>est</span> <span class='ocrx_word' id='word_1_113' title='bbox 913 1393 1080 1447; x_wconf 82' lang='lat' dir='ltr'>ineffabiliter</span> <span class='ocrx_word' id='word_1_114' title='bbox 1097 1393 1162 1443; x_wconf 86' lang='lat' dir='ltr'>deus</span> <span class='ocrx_word' id='word_1_115' title='bbox 1182 1396 1238 1445; x_wconf 87' lang='lat'><strong>163.</strong></span> 
     </span>
     <span class='ocr_line' id='line_1_14' title="bbox 206 1461 1191 1528; baseline 0.002 -18"><span class='ocrx_word' id='word_1_116' title='bbox 206 1461 305 1510; x_wconf 75' lang='lat' dir='ltr'>attinet</span> <span class='ocrx_word' id='word_1_117' title='bbox 321 1461 380 1510; x_wconf 83' lang='lat'><strong>242.</strong></span> <span class='ocrx_word' id='word_1_118' title='bbox 778 1484 780 1499; x_wconf 89' lang='lat'><em>·</em></span> <span class='ocrx_word' id='word_1_119' title='bbox 806 1490 838 1500; x_wconf 94' lang='lat'><em>-</em></span> <span class='ocrx_word' id='word_1_120' title='bbox 856 1463 914 1527; x_wconf 93' lang='lat' dir='ltr'>plus</span> <span class='ocrx_word' id='word_1_121' title='bbox 932 1462 1017 1528; x_wconf 84' lang='lat' dir='ltr'>diligit</span> <span class='ocrx_word' id='word_1_122' title='bbox 1033 1462 1115 1512; x_wconf 89' lang='lat' dir='ltr'>filium</span> <span class='ocrx_word' id='word_1_123' title='bbox 1135 1464 1191 1512; x_wconf 86' lang='lat'><strong>162.</strong></span> 
     </span>
     <span class='ocr_line' id='line_1_15' title="bbox 171 1508 1109 1597; baseline 0.004 -20"><span class='ocrx_word' id='word_1_124' title='bbox 171 1531 278 1578; x_wconf 85' lang='lat' dir='ltr'>-cinm</span> <span class='ocrx_word' id='word_1_125' title='bbox 302 1544 408 1578; x_wconf 88' lang='lat' dir='ltr'>suarum</span> <span class='ocrx_word' id='word_1_126' title='bbox 430 1544 499 1595; x_wconf 87' lang='lat' dir='ltr'>pena</span> <span class='ocrx_word' id='word_1_127' title='bbox 520 1529 654 1595; x_wconf 87' lang='lat' dir='ltr'>dampnati</span> <span class='ocrx_word' id='word_1_128' title='bbox 676 1532 753 1597; x_wconf 87' lang='lat' dir='ltr'>parti·</span> <span class='ocrx_word' id='word_1_129' title='bbox 778 1508 780 1571; x_wconf 83' lang='lat' dir='ltr'>l</span> <span class='ocrx_word' id='word_1_130' title='bbox 807 1559 838 1568; x_wconf 95' lang='lat'>—</span> <span class='ocrx_word' id='word_1_131' title='bbox 857 1531 1050 1581; x_wconf 78' lang='lat' dir='ltr'>mendaciorum</span> <span class='ocrx_word' id='word_1_132' title='bbox 1068 1532 1109 1581; x_wconf 89' lang='grc'>21.</span> 
     </span>
     <span class='ocr_line' id='line_1_16' title="bbox 207 1598 1385 1666; baseline 0.003 -19"><span class='ocrx_word' id='word_1_133' title='bbox 207 1599 299 1663; x_wconf 88' lang='lat' dir='ltr'>cipant</span> <span class='ocrx_word' id='word_1_134' title='bbox 317 1598 375 1648; x_wconf 87' lang='lat'><strong>326.</strong></span> <span class='ocrx_word' id='word_1_135' title='bbox 806 1628 837 1636; x_wconf 97' lang='lat'>-</span> <span class='ocrx_word' id='word_1_136' title='bbox 856 1600 986 1650; x_wconf 88' lang='lat' dir='ltr'>mendacii</span> <span class='ocrx_word' id='word_1_137' title='bbox 1004 1600 1093 1650; x_wconf 87' lang='lat' dir='ltr'>docuit</span> <span class='ocrx_word' id='word_1_138' title='bbox 1109 1608 1193 1650; x_wconf 87' lang='lat' dir='ltr'>sectas</span> <span class='ocrx_word' id='word_1_139' title='bbox 1205 1600 1385 1666; x_wconf 79' lang='lat' dir='ltr'>irregulariter</span> 
     </span>
     <span class='ocr_line' id='line_1_17' title="bbox 171 1628 1064 1743; baseline 0.004 -28"><span class='ocrx_word' id='word_1_140' title='bbox 171 1681 332 1716; x_wconf 88' lang='lat' dir='ltr'>—suarum</span> <span class='ocrx_word' id='word_1_141' title='bbox 358 1667 456 1732; x_wconf 88' lang='lat' dir='ltr'>premio</span> <span class='ocrx_word' id='word_1_142' title='bbox 488 1666 621 1732; x_wconf 89' lang='lat' dir='ltr'>dampnati</span> <span class='ocrx_word' id='word_1_143' title='bbox 650 1670 753 1734; x_wconf 86' lang='lat' dir='ltr'>partici-</span> <span class='ocrx_word' id='word_1_144' title='bbox 777 1628 780 1743; x_wconf 71' lang='lat' dir='ltr'>l</span> <span class='ocrx_word' id='word_1_145' title='bbox 840 1669 987 1719; x_wconf 86' lang='lat' dir='ltr'>mendicare</span> <span class='ocrx_word' id='word_1_146' title='bbox 1006 1672 1064 1719; x_wconf 86' lang='lat'><strong>368.</strong></span> 
     </span>
     <span class='ocr_line' id='line_1_18' title="bbox 207 1736 1384 1804; baseline 0.003 -20"><span class='ocrx_word' id='word_1_147' title='bbox 207 1742 272 1801; x_wconf 88' lang='lat' dir='ltr'>pant</span> <span class='ocrx_word' id='word_1_148' title='bbox 290 1736 348 1786; x_wconf 87' lang='lat'><strong>326.</strong></span> <span class='ocrx_word' id='word_1_149' title='bbox 777 1754 779 1764; x_wconf 92' lang='lat'>·</span> <span class='ocrx_word' id='word_1_150' title='bbox 805 1744 905 1787; x_wconf 89' lang='lat' dir='ltr'>-trem</span> <span class='ocrx_word' id='word_1_151' title='bbox 922 1738 997 1804; x_wconf 88' lang='lat' dir='ltr'>sequi</span> <span class='ocrx_word' id='word_1_152' title='bbox 1014 1738 1139 1789; x_wconf 78' lang='lat' dir='ltr'>debemus</span> <span class='ocrx_word' id='word_1_153' title='bbox 1162 1739 1189 1788; x_wconf 92' lang='lat' dir='ltr'>in</span> <span class='ocrx_word' id='word_1_154' title='bbox 1207 1738 1321 1788; x_wconf 85' lang='lat' dir='ltr'>moribus</span> <span class='ocrx_word' id='word_1_155' title='bbox 1338 1753 1384 1804; x_wconf 89' lang='lat' dir='ltr'>pa·</span> 
     </span>
     <span class='ocr_line' id='line_1_19' title="bbox 173 1804 1031 1858; baseline 0.006 -6"><span class='ocrx_word' id='word_1_156' title='bbox 173 1830 204 1840; x_wconf 86' lang='lat'>-</span> <span class='ocrx_word' id='word_1_157' title='bbox 225 1804 378 1853; x_wconf 84' lang='lat' dir='ltr'>commixcio</span> <span class='ocrx_word' id='word_1_158' title='bbox 397 1805 456 1853; x_wconf 90' lang='grc'><strong>659.</strong></span> <span class='ocrx_word' id='word_1_159' title='bbox 839 1807 955 1856; x_wconf 81' lang='lat' dir='ltr'>trizando</span> <span class='ocrx_word' id='word_1_160' title='bbox 973 1808 1031 1858; x_wconf 85' lang='lat'><strong>326.</strong></span> 
     </span>
     <span class='ocr_line' id='line_1_20' title="bbox 172 1872 1383 1926; baseline 0.003 -4"><span class='ocrx_word' id='word_1_161' title='bbox 172 1899 205 1909; x_wconf 92' lang='lat'>-</span> <span class='ocrx_word' id='word_1_162' title='bbox 225 1873 304 1922; x_wconf 89' lang='lat' dir='ltr'>trium</span> <span class='ocrx_word' id='word_1_163' title='bbox 322 1872 483 1922; x_wconf 77' lang='lat' dir='ltr'>mendicatio</span> <span class='ocrx_word' id='word_1_164' title='bbox 501 1875 559 1923; x_wconf 84' lang='lat'><strong>195.</strong></span> <span class='ocrx_word' id='word_1_165' title='bbox 804 1875 912 1925; x_wconf 87' lang='lat' dir='ltr'>iuter-</span> <span class='ocrx_word' id='word_1_166' title='bbox 923 1881 951 1925; x_wconf 89' lang='lat' dir='ltr'>et</span> <span class='ocrx_word' id='word_1_167' title='bbox 958 1875 1038 1924; x_wconf 89' lang='lat' dir='ltr'>filiam</span> <span class='ocrx_word' id='word_1_168' title='bbox 1047 1875 1178 1925; x_wconf 86' lang='lat' dir='ltr'>subieccio</span> <span class='ocrx_word' id='word_1_169' title='bbox 1187 1876 1314 1926; x_wconf 86' lang='lat' dir='ltr'>naturalis</span> <span class='ocrx_word' id='word_1_170' title='bbox 1324 1877 1383 1926; x_wconf 88' lang='grc'><strong>161.</strong></span> 
     </span>
     <span class='ocr_line' id='line_1_21' title="bbox 172 1940 1285 2011; baseline 0.003 -19"><span class='ocrx_word' id='word_1_171' title='bbox 172 1942 309 2007; x_wconf 85' lang='lat' dir='ltr'>Particeps</span> <span class='ocrx_word' id='word_1_172' title='bbox 327 1941 416 1991; x_wconf 87' lang='lat' dir='ltr'>delicti</span> <span class='ocrx_word' id='word_1_173' title='bbox 433 1940 463 1991; x_wconf 86' lang='lat' dir='ltr'>fit</span> <span class='ocrx_word' id='word_1_174' title='bbox 483 1943 528 2007; x_wconf 92' lang='lat' dir='ltr'>qui</span> <span class='ocrx_word' id='word_1_175' title='bbox 550 1942 691 1992; x_wconf 87' lang='lat' dir='ltr'>emendare</span> <span class='ocrx_word' id='word_1_176' title='bbox 709 1960 752 2008; x_wconf 93' lang='lat' dir='ltr'>po·</span> <span class='ocrx_word' id='word_1_177' title='bbox 778 1976 779 2011; x_wconf 45' lang='lat' dir='ltr'>p</span> <span class='ocrx_word' id='word_1_178' title='bbox 804 1951 891 1994; x_wconf 90' lang='lat' dir='ltr'>-tres</span> <span class='ocrx_word' id='word_1_179' title='bbox 908 1944 1006 2009; x_wconf 88' lang='lat' dir='ltr'>priores</span> <span class='ocrx_word' id='word_1_180' title='bbox 1024 1944 1208 1994; x_wconf 89' lang='lat' dir='ltr'>monachorum</span> <span class='ocrx_word' id='word_1_181' title='bbox 1229 1947 1285 1995; x_wconf 88' lang='lat'><strong>131.</strong></span> 
     </span>
     <span class='ocr_line' id='line_1_22' title="bbox 206 2010 1181 2078; baseline 0.003 -19"><span class='ocrx_word' id='word_1_182' title='bbox 206 2017 261 2059; x_wconf 89' lang='lat' dir='ltr'>test</span> <span class='ocrx_word' id='word_1_183' title='bbox 278 2019 305 2060; x_wconf 91' lang='lat' dir='ltr'>et</span> <span class='ocrx_word' id='word_1_184' title='bbox 321 2010 434 2076; x_wconf 81' lang='lat' dir='ltr'>negligit</span> <span class='ocrx_word' id='word_1_185' title='bbox 454 2011 509 2060; x_wconf 90' lang='grc'><strong>131.</strong></span> <span class='ocrx_word' id='word_1_186' title='bbox 777 2014 780 2041; x_wconf 65' lang='lat'><em>²</em></span> <span class='ocrx_word' id='word_1_187' title='bbox 806 2039 837 2048; x_wconf 93' lang='lat'>-</span> <span class='ocrx_word' id='word_1_188' title='bbox 856 2014 892 2078; x_wconf 90' lang='lat' dir='ltr'>pii</span> <span class='ocrx_word' id='word_1_189' title='bbox 910 2013 995 2062; x_wconf 86' lang='lat' dir='ltr'>vocati</span> <span class='ocrx_word' id='word_1_190' title='bbox 1013 2013 1121 2062; x_wconf 80' lang='lat' dir='ltr'>fratrum</span> <span class='ocrx_word' id='word_1_191' title='bbox 1140 2016 1181 2063; x_wconf 84' lang='grc'>46.</span> 
     </span>
     <span class='ocr_line' id='line_1_23' title="bbox 173 2079 1193 2146; baseline 0.002 -18"><span class='ocrx_word' id='word_1_192' title='bbox 173 2079 281 2145; x_wconf 90' lang='lat' dir='ltr'>-cipes</span> <span class='ocrx_word' id='word_1_193' title='bbox 297 2080 325 2128; x_wconf 92' lang='lat' dir='ltr'>in</span> <span class='ocrx_word' id='word_1_194' title='bbox 337 2093 424 2129; x_wconf 84' lang='lat' dir='ltr'>errore</span> <span class='ocrx_word' id='word_1_195' title='bbox 436 2087 497 2129; x_wconf 92' lang='lat' dir='ltr'>sunt</span> <span class='ocrx_word' id='word_1_196' title='bbox 508 2079 610 2130; x_wconf 86' lang='lat' dir='ltr'>ordines</span> <span class='ocrx_word' id='word_1_197' title='bbox 620 2081 681 2130; x_wconf 90' lang='lat' dir='ltr'>novi</span> <span class='ocrx_word' id='word_1_198' title='bbox 694 2082 752 2131; x_wconf 83' lang='lat'><strong>226.</strong></span> <span class='ocrx_word' id='word_1_199' title='bbox 806 2107 838 2116; x_wconf 95' lang='lat'>-</span> <span class='ocrx_word' id='word_1_200' title='bbox 856 2081 954 2146; x_wconf 86' lang='lat' dir='ltr'>priores</span> <span class='ocrx_word' id='word_1_201' title='bbox 972 2082 1053 2130; x_wconf 85' lang='lat' dir='ltr'>movit</span> <span class='ocrx_word' id='word_1_202' title='bbox 1070 2079 1134 2131; x_wconf 85' lang='lat' dir='ltr'>daus</span> <span class='ocrx_word' id='word_1_203' title='bbox 1153 2083 1193 2131; x_wconf 83' lang='lat'><strong>93.</strong></span> 
     </span>
     <span class='ocr_line' id='line_1_24' title="bbox 172 2148 1384 2216; baseline 0.001 -19"><span class='ocrx_word' id='word_1_204' title='bbox 172 2148 347 2214; x_wconf 86' lang='lat' dir='ltr'>Partieipacio</span> <span class='ocrx_word' id='word_1_205' title='bbox 369 2148 550 2212; x_wconf 87' lang='lat' dir='ltr'>temporalium</span> <span class='ocrx_word' id='word_1_206' title='bbox 573 2165 623 2198; x_wconf 88' lang='lat' dir='ltr'>nec</span> <span class='ocrx_word' id='word_1_207' title='bbox 646 2150 753 2200; x_wconf 87' lang='lat' dir='ltr'>mortuis</span> <span class='ocrx_word' id='word_1_208' title='bbox 804 2149 980 2200; x_wconf 88' lang='lat' dir='ltr'>Paternitasa</span> <span class='ocrx_word' id='word_1_209' title='bbox 992 2149 1074 2199; x_wconf 84' lang='lat' dir='ltr'>Cristo</span> <span class='ocrx_word' id='word_1_210' title='bbox 1092 2149 1237 2215; x_wconf 88' lang='lat' dir='ltr'>quebilibet</span> <span class='ocrx_word' id='word_1_211' title='bbox 1255 2158 1384 2216; x_wconf 82' lang='lat' dir='ltr'>generata</span> 
     </span>
     <span class='ocr_line' id='line_1_25' title="bbox 208 2215 956 2281; baseline 0.005 -16"><span class='ocrx_word' id='word_1_212' title='bbox 208 2232 259 2266; x_wconf 86' lang='lat' dir='ltr'>nec</span> <span class='ocrx_word' id='word_1_213' title='bbox 277 2216 344 2265; x_wconf 84' lang='lat' dir='ltr'>vivis</span> <span class='ocrx_word' id='word_1_214' title='bbox 361 2215 467 2281; x_wconf 86' lang='lat' dir='ltr'>prodest</span> <span class='ocrx_word' id='word_1_215' title='bbox 483 2217 541 2267; x_wconf 89' lang='grc'><strong>241.</strong></span> <span class='ocrx_word' id='word_1_216' title='bbox 840 2225 880 2268; x_wconf 88' lang='grc'>661</span> <span class='ocrx_word' id='word_1_217' title='bbox 899 2220 956 2269; x_wconf 89' lang='grc'><strong>165.</strong></span> 
     </span>
     <span class='ocr_line' id='line_1_26' title="bbox 172 2285 1383 2351; baseline 0.001 -17"><span class='ocrx_word' id='word_1_218' title='bbox 172 2311 206 2321; x_wconf 89' lang='grc'>-</span> <span class='ocrx_word' id='word_1_219' title='bbox 226 2285 324 2350; x_wconf 87' lang='lat' dir='ltr'>speciei</span> <span class='ocrx_word' id='word_1_220' title='bbox 342 2286 400 2335; x_wconf 93' lang='grc'><strong>106.</strong></span> <span class='ocrx_word' id='word_1_221' title='bbox 806 2313 837 2322; x_wconf 93' lang='grc'>-</span> <span class='ocrx_word' id='word_1_222' title='bbox 856 2302 920 2337; x_wconf 88' lang='lat' dir='ltr'>vera</span> <span class='ocrx_word' id='word_1_223' title='bbox 945 2287 1094 2336; x_wconf 89' lang='lat' dir='ltr'>nominatur</span> <span class='ocrx_word' id='word_1_224' title='bbox 1118 2302 1135 2336; x_wconf 89' lang='lat' dir='ltr'>a</span> <span class='ocrx_word' id='word_1_225' title='bbox 1161 2286 1244 2351; x_wconf 87' lang='lat' dir='ltr'>prima</span> <span class='ocrx_word' id='word_1_226' title='bbox 1269 2301 1383 2351; x_wconf 87' lang='lat' dir='ltr'>persona</span> 
     </span>
     <span class='ocr_line' id='line_1_27' title="bbox 171 2353 1003 2405; baseline 0.007 -6"><span class='ocrx_word' id='word_1_227' title='bbox 171 2354 207 2404; x_wconf 75' lang='grc'>«16</span> <span class='ocrx_word' id='word_1_228' title='bbox 226 2355 336 2403; x_wconf 86' lang='lat' dir='ltr'>-cione</span> <span class='ocrx_word' id='word_1_229' title='bbox 354 2353 482 2403; x_wconf 80' lang='lat' dir='ltr'>oracionis</span> <span class='ocrx_word' id='word_1_230' title='bbox 500 2356 557 2404; x_wconf 92' lang='grc'><strong>344.</strong></span> <span class='ocrx_word' id='word_1_231' title='bbox 778 2366 780 2403; x_wconf 90' lang='lat'><strong>:</strong></span> <span class='ocrx_word' id='word_1_232' title='bbox 840 2355 928 2404; x_wconf 86' lang='lat' dir='ltr'>divina</span> <span class='ocrx_word' id='word_1_233' title='bbox 948 2357 1003 2405; x_wconf 87' lang='lat'><strong>163.</strong></span> 
     </span>
     <span class='ocr_line' id='line_1_28' title="bbox 171 2414 1382 2491; baseline 0 -19"><span class='ocrx_word' id='word_1_234' title='bbox 171 2423 337 2488; x_wconf 85' lang='lat' dir='ltr'>Participant</span> <span class='ocrx_word' id='word_1_235' title='bbox 358 2422 476 2472; x_wconf 85' lang='lat' dir='ltr'>homines</span> <span class='ocrx_word' id='word_1_236' title='bbox 498 2423 540 2473; x_wconf 89' lang='lat' dir='ltr'>dei</span> <span class='ocrx_word' id='word_1_237' title='bbox 562 2422 657 2472; x_wconf 87' lang='lat' dir='ltr'>iudicio</span> <span class='ocrx_word' id='word_1_238' title='bbox 679 2424 753 2488; x_wconf 89' lang='lat' dir='ltr'>penis</span> <span class='ocrx_word' id='word_1_239' title='bbox 778 2414 780 2491; x_wconf 73' lang='lat' dir='ltr'>l</span> <span class='ocrx_word' id='word_1_240' title='bbox 804 2431 920 2473; x_wconf 87' lang='lat' dir='ltr'>-tatem</span> <span class='ocrx_word' id='word_1_241' title='bbox 937 2423 1048 2473; x_wconf 84' lang='lat' dir='ltr'>tacendo</span> <span class='ocrx_word' id='word_1_242' title='bbox 1070 2429 1187 2472; x_wconf 88' lang='lat' dir='ltr'>reservat</span> <span class='ocrx_word' id='word_1_243' title='bbox 1204 2421 1301 2472; x_wconf 81' lang='lat' dir='ltr'>cristus</span> <span class='ocrx_word' id='word_1_244' title='bbox 1323 2424 1382 2472; x_wconf 83' lang='lat'><strong>165.</strong></span> 
     </span>
     <span class='ocr_line' id='line_1_29' title="bbox 207 2491 1260 2557; baseline 0.001 -17"><span class='ocrx_word' id='word_1_245' title='bbox 207 2492 317 2541; x_wconf 75' lang='lat' dir='ltr'>fratrum</span> <span class='ocrx_word' id='word_1_246' title='bbox 336 2493 395 2542; x_wconf 88' lang='grc'><strong>331.</strong></span> <span class='ocrx_word' id='word_1_247' title='bbox 778 2494 780 2521; x_wconf 75' lang='lat'>⁵</span> <span class='ocrx_word' id='word_1_248' title='bbox 804 2492 960 2542; x_wconf 87' lang='lat' dir='ltr'>Patriarchis</span> <span class='ocrx_word' id='word_1_249' title='bbox 977 2492 1050 2541; x_wconf 88' lang='lat' dir='ltr'>licuit</span> <span class='ocrx_word' id='word_1_250' title='bbox 1066 2507 1184 2557; x_wconf 85' lang='lat' dir='ltr'>pugnare</span> <span class='ocrx_word' id='word_1_251' title='bbox 1202 2491 1260 2541; x_wconf 84' lang='lat'><strong>628.</strong></span> 
     </span>
     <span class='ocr_line' id='line_1_30' title="bbox 173 2559 1144 2625; baseline 0.001 -16"><span class='ocrx_word' id='word_1_252' title='bbox 173 2587 206 2596; x_wconf 93' lang='lat'>-</span> <span class='ocrx_word' id='word_1_253' title='bbox 226 2560 362 2625; x_wconf 88' lang='lat' dir='ltr'>dampnati</span> <span class='ocrx_word' id='word_1_254' title='bbox 379 2559 522 2625; x_wconf 74' lang='lat' dir='ltr'>gravedine</span> <span class='ocrx_word' id='word_1_255' title='bbox 540 2575 608 2625; x_wconf 88' lang='lat' dir='ltr'>pene</span> <span class='ocrx_word' id='word_1_256' title='bbox 627 2562 685 2610; x_wconf 83' lang='lat'><strong>351.</strong></span> <span class='ocrx_word' id='word_1_257' title='bbox 804 2561 831 2610; x_wconf 92' lang='lat' dir='ltr'>in</span> <span class='ocrx_word' id='word_1_258' title='bbox 850 2587 879 2597; x_wconf 88' lang='lat'>·-</span> <span class='ocrx_word' id='word_1_259' title='bbox 900 2576 972 2610; x_wconf 87' lang='lat' dir='ltr'>amor</span> <span class='ocrx_word' id='word_1_260' title='bbox 988 2561 1070 2610; x_wconf 90' lang='lat' dir='ltr'>maior</span> <span class='ocrx_word' id='word_1_261' title='bbox 1089 2561 1144 2610; x_wconf 90' lang='grc'><strong>166.</strong></span> 
     </span>
     <span class='ocr_line' id='line_1_31' title="bbox 172 2629 1181 2695; baseline 0 -16"><span class='ocrx_word' id='word_1_262' title='bbox 172 2645 221 2695; x_wconf 88' lang='lat' dir='ltr'>per</span> <span class='ocrx_word' id='word_1_263' title='bbox 249 2629 469 2693; x_wconf 85' lang='lat' dir='ltr'>Participanciam</span> <span class='ocrx_word' id='word_1_264' title='bbox 502 2644 572 2695; x_wconf 88' lang='lat' dir='ltr'>pena</span> <span class='ocrx_word' id='word_1_265' title='bbox 604 2629 753 2695; x_wconf 89' lang='lat' dir='ltr'>temporalis</span> <span class='ocrx_word' id='word_1_266' title='bbox 804 2630 909 2679; x_wconf 87' lang='lat' dir='ltr'>Patricii</span> <span class='ocrx_word' id='word_1_267' title='bbox 926 2629 1104 2695; x_wconf 83' lang='lat' dir='ltr'>purgatorium</span> <span class='ocrx_word' id='word_1_268' title='bbox 1124 2630 1181 2679; x_wconf 89' lang='grc'><strong>146.</strong></span> 
     </span>
     <span class='ocr_line' id='line_1_32' title="bbox 208 2697 1200 2763; baseline 0 -16"><span class='ocrx_word' id='word_1_269' title='bbox 208 2697 303 2747; x_wconf 78' lang='lat' dir='ltr'>cedere</span> <span class='ocrx_word' id='word_1_270' title='bbox 326 2703 412 2763; x_wconf 91' lang='lat' dir='ltr'>potest</span> <span class='ocrx_word' id='word_1_271' title='bbox 434 2697 468 2746; x_wconf 90' lang='lat' dir='ltr'>ad</span> <span class='ocrx_word' id='word_1_272' title='bbox 491 2699 611 2748; x_wconf 90' lang='lat' dir='ltr'>meritum</span> <span class='ocrx_word' id='word_1_273' title='bbox 628 2698 753 2763; x_wconf 90' lang='lat' dir='ltr'>predesti·</span> <span class='ocrx_word' id='word_1_274' title='bbox 804 2698 991 2748; x_wconf 84' lang='lat' dir='ltr'>Patrimonium</span> <span class='ocrx_word' id='word_1_275' title='bbox 1009 2697 1125 2748; x_wconf 85' lang='lat' dir='ltr'>crucifixi</span> <span class='ocrx_word' id='word_1_276' title='bbox 1142 2699 1200 2747; x_wconf 84' lang='lat'><strong>683.</strong></span> 
     </span>
     <span class='ocr_line' id='line_1_33' title="bbox 209 2765 1383 2831; baseline -0.001 -16"><span class='ocrx_word' id='word_1_277' title='bbox 209 2766 264 2815; x_wconf 87' lang='lat' dir='ltr'>nati</span> <span class='ocrx_word' id='word_1_278' title='bbox 281 2768 340 2816; x_wconf 93' lang='grc'><strong>331.</strong></span> <span class='ocrx_word' id='word_1_279' title='bbox 803 2766 959 2817; x_wconf 82' lang='lat' dir='ltr'>Patrizando</span> <span class='ocrx_word' id='word_1_280' title='bbox 985 2767 1013 2815; x_wconf 91' lang='lat' dir='ltr'>in</span> <span class='ocrx_word' id='word_1_281' title='bbox 1039 2766 1153 2816; x_wconf 92' lang='lat' dir='ltr'>moribus</span> <span class='ocrx_word' id='word_1_282' title='bbox 1178 2773 1280 2831; x_wconf 87' lang='lat' dir='ltr'>patrem</span> <span class='ocrx_word' id='word_1_283' title='bbox 1307 2765 1383 2831; x_wconf 91' lang='lat' dir='ltr'>sequi</span> 
     </span>
     <span class='ocr_line' id='line_1_34' title="bbox 172 2835 1040 2901; baseline 0 -17"><span class='ocrx_word' id='word_1_284' title='bbox 172 2837 200 2884; x_wconf 91' lang='lat' dir='ltr'>in</span> <span class='ocrx_word' id='word_1_285' title='bbox 218 2835 354 2885; x_wconf 84' lang='lat' dir='ltr'>Particula</span> <span class='ocrx_word' id='word_1_286' title='bbox 364 2835 449 2901; x_wconf 89' lang='lat' dir='ltr'>prima</span> <span class='ocrx_word' id='word_1_287' title='bbox 460 2836 577 2885; x_wconf 90' lang='lat' dir='ltr'>mandati</span> <span class='ocrx_word' id='word_1_288' title='bbox 589 2836 664 2900; x_wconf 90' lang='lat' dir='ltr'>primi</span> <span class='ocrx_word' id='word_1_289' title='bbox 676 2836 752 2886; x_wconf 89' lang='lat' dir='ltr'>homo</span> <span class='ocrx_word' id='word_1_290' title='bbox 839 2836 964 2885; x_wconf 90' lang='lat' dir='ltr'>debemus</span> <span class='ocrx_word' id='word_1_291' title='bbox 982 2835 1040 2884; x_wconf 91' lang='grc'><strong>326.</strong></span> 
     </span>
     <span class='ocr_line' id='line_1_35' title="bbox 208 2902 1383 2969; baseline 0 -17"><span class='ocrx_word' id='word_1_292' title='bbox 208 2903 298 2953; x_wconf 86' lang='lat' dir='ltr'>deficit</span> <span class='ocrx_word' id='word_1_293' title='bbox 317 2905 374 2954; x_wconf 90' lang='lat'><strong>123.</strong></span> <span class='ocrx_word' id='word_1_294' title='bbox 804 2905 933 2954; x_wconf 89' lang='lat' dir='ltr'>Patronus</span> <span class='ocrx_word' id='word_1_295' title='bbox 950 2904 1037 2953; x_wconf 90' lang='lat' dir='ltr'>nullus</span> <span class='ocrx_word' id='word_1_296' title='bbox 1048 2903 1154 2969; x_wconf 89' lang='lat' dir='ltr'>prodest</span> <span class='ocrx_word' id='word_1_297' title='bbox 1165 2903 1192 2953; x_wconf 92' lang='lat' dir='ltr'>in</span> <span class='ocrx_word' id='word_1_298' title='bbox 1210 2903 1321 2953; x_wconf 83' lang='lat' dir='ltr'>ecclesia</span> <span class='ocrx_word' id='word_1_299' title='bbox 1338 2902 1383 2952; x_wconf 93' lang='lat' dir='ltr'>do·</span> 
     </span>
     <span class='ocr_line' id='line_1_36' title="bbox 174 2971 978 3038; baseline 0.002 -17"><span class='ocrx_word' id='word_1_300' title='bbox 174 2973 271 3021; x_wconf 84' lang='lat' dir='ltr'>Parum</span> <span class='ocrx_word' id='word_1_301' title='bbox 290 2972 323 3022; x_wconf 88' lang='lat' dir='ltr'>de</span> <span class='ocrx_word' id='word_1_302' title='bbox 335 2971 413 3022; x_wconf 81' lang='lat' dir='ltr'>Oristi</span> <span class='ocrx_word' id='word_1_303' title='bbox 424 2972 526 3038; x_wconf 57' lang='lat' dir='ltr'>lem&#39;bus</span> <span class='ocrx_word' id='word_1_304' title='bbox 542 2987 611 3038; x_wconf 91' lang='lat' dir='ltr'>papa</span> <span class='ocrx_word' id='word_1_305' title='bbox 628 2973 677 3022; x_wconf 82' lang='lat' dir='ltr'>soit</span> <span class='ocrx_word' id='word_1_306' title='bbox 696 2974 751 3023; x_wconf 85' lang='lat'><strong>129.</strong></span> <span class='ocrx_word' id='word_1_307' title='bbox 839 2973 902 3023; x_wconf 86' lang='lat' dir='ltr'>mini</span> <span class='ocrx_word' id='word_1_308' title='bbox 920 2975 978 3023; x_wconf 88' lang='grc'><strong>300.</strong></span> 
     </span>
     <span class='ocr_line' id='line_1_37' title="bbox 173 3040 1384 3107; baseline -0.001 -16"><span class='ocrx_word' id='word_1_309' title='bbox 173 3041 348 3106; x_wconf 83' lang='lat' dir='ltr'>Parvipencio</span> <span class='ocrx_word' id='word_1_310' title='bbox 360 3040 514 3106; x_wconf 87' lang='lat' dir='ltr'>blasphema</span> <span class='ocrx_word' id='word_1_311' title='bbox 525 3041 622 3091; x_wconf 90' lang='lat' dir='ltr'>domini</span> <span class='ocrx_word' id='word_1_312' title='bbox 639 3041 682 3090; x_wconf 89' lang='lat' dir='ltr'>dei</span> <span class='ocrx_word' id='word_1_313' title='bbox 694 3043 752 3091; x_wconf 88' lang='grc'><strong>296.</strong></span> <span class='ocrx_word' id='word_1_314' title='bbox 805 3043 972 3107; x_wconf 83' lang='lat' dir='ltr'>—privatus</span> <span class='ocrx_word' id='word_1_315' title='bbox 999 3040 1082 3106; x_wconf 80' lang='lat' dir='ltr'>magis</span> <span class='ocrx_word' id='word_1_316' title='bbox 1104 3040 1245 3090; x_wconf 90' lang='lat' dir='ltr'>honoratur</span> <span class='ocrx_word' id='word_1_317' title='bbox 1266 3056 1283 3090; x_wconf 85' lang='lat' dir='ltr'>a</span> <span class='ocrx_word' id='word_1_318' title='bbox 1305 3041 1384 3090; x_wconf 86' lang='lat' dir='ltr'>sectis</span> 
     </span>
    </p>
   </div>
   <div class='ocr_carea' id='block_1_3' title="bbox 174 3100 1180 3244">
    <p class='ocr_par' dir='ltr' id='par_1_3' title="bbox 174 3100 1180 3244">
     <span class='ocr_line' id='line_1_38' title="bbox 174 3100 1111 3177; baseline 0.001 -19"><span class='ocrx_word' id='word_1_319' title='bbox 174 3111 251 3159; x_wconf 84' lang='lat' dir='ltr'>Pasci</span> <span class='ocrx_word' id='word_1_320' title='bbox 268 3110 367 3159; x_wconf 81' lang='lat' dir='ltr'>volunt</span> <span class='ocrx_word' id='word_1_321' title='bbox 378 3110 471 3160; x_wconf 83' lang='lat' dir='ltr'>fratres</span> <span class='ocrx_word' id='word_1_322' title='bbox 488 3111 547 3176; x_wconf 89' lang='lat' dir='ltr'>plus</span> <span class='ocrx_word' id='word_1_323' title='bbox 564 3125 643 3176; x_wconf 86' lang='lat' dir='ltr'>qnam</span> <span class='ocrx_word' id='word_1_324' title='bbox 661 3109 753 3160; x_wconf 89' lang='lat' dir='ltr'>domus</span> <span class='ocrx_word' id='word_1_325' title='bbox 777 3100 780 3125; x_wconf 67' lang='lat'><strong>²</strong></span> <span class='ocrx_word' id='word_1_326' title='bbox 839 3126 919 3177; x_wconf 90' lang='lat' dir='ltr'>quam</span> <span class='ocrx_word' id='word_1_327' title='bbox 937 3109 1035 3161; x_wconf 85' lang='lat' dir='ltr'>Cristus</span> <span class='ocrx_word' id='word_1_328' title='bbox 1054 3110 1111 3159; x_wconf 88' lang='grc'><strong>140.</strong></span> 
     </span>
     <span class='ocr_line' id='line_1_39' title="bbox 209 3132 1180 3244; baseline 0.001 -17"><span class='ocrx_word' id='word_1_329' title='bbox 209 3178 308 3228; x_wconf 88' lang='lat' dir='ltr'>domini</span> <span class='ocrx_word' id='word_1_330' title='bbox 326 3179 385 3229; x_wconf 86' lang='grc'><strong>310.</strong></span> <span class='ocrx_word' id='word_1_331' title='bbox 778 3132 780 3239; x_wconf 78' lang='lat' dir='ltr'>l</span> <span class='ocrx_word' id='word_1_332' title='bbox 806 3206 837 3215; x_wconf 89' lang='lat'><strong>—</strong></span> <span class='ocrx_word' id='word_1_333' title='bbox 857 3180 955 3230; x_wconf 82' lang='lat' dir='ltr'>Cristus</span> <span class='ocrx_word' id='word_1_334' title='bbox 973 3185 1013 3229; x_wconf 88' lang='lat' dir='ltr'>est</span> <span class='ocrx_word' id='word_1_335' title='bbox 1030 3178 1122 3244; x_wconf 80' lang='lat' dir='ltr'>regula</span> <span class='ocrx_word' id='word_1_336' title='bbox 1139 3180 1180 3228; x_wconf 88' lang='grc'>64.</span> 
     </span>
    </p>
   </div>
   <div class='ocr_carea' id='block_1_4' title="bbox 173 3245 1383 4271">
    <p class='ocr_par' dir='ltr' id='par_1_4' title="bbox 173 3245 1360 3520">
     <span class='ocr_line' id='line_1_40' title="bbox 173 3245 1360 3339; baseline -0.002 -43"><span class='ocrx_word' id='word_1_337' title='bbox 173 3264 227 3296; x_wconf 92' lang='lat' dir='ltr'>non</span> <span class='ocrx_word' id='word_1_338' title='bbox 247 3254 376 3297; x_wconf 89' lang='lat' dir='ltr'>—cuntur</span> <span class='ocrx_word' id='word_1_339' title='bbox 393 3247 483 3312; x_wconf 91' lang='lat' dir='ltr'>populi</span> <span class='ocrx_word' id='word_1_340' title='bbox 501 3247 588 3296; x_wconf 89' lang='lat' dir='ltr'>debite</span> <span class='ocrx_word' id='word_1_341' title='bbox 607 3247 664 3296; x_wconf 87' lang='grc'><strong>212.</strong></span> <span class='ocrx_word' id='word_1_342' title='bbox 778 3246 781 3339; x_wconf 55' lang='lat' dir='ltr'>l</span> <span class='ocrx_word' id='word_1_343' title='bbox 807 3275 838 3284; x_wconf 94' lang='lat'>-</span> <span class='ocrx_word' id='word_1_344' title='bbox 856 3246 996 3314; x_wconf 87' lang='lat' dir='ltr'>peccabilis</span> <span class='ocrx_word' id='word_1_345' title='bbox 1014 3247 1095 3297; x_wconf 89' lang='lat' dir='ltr'>nutrit</span> <span class='ocrx_word' id='word_1_346' title='bbox 1112 3247 1195 3296; x_wconf 87' lang='lat' dir='ltr'>multa</span> <span class='ocrx_word' id='word_1_347' title='bbox 1212 3245 1284 3295; x_wconf 90' lang='lat' dir='ltr'>milia</span> <span class='ocrx_word' id='word_1_348' title='bbox 1302 3247 1360 3296; x_wconf 89' lang='grc'><strong>525.</strong></span> 
     </span>
     <span class='ocr_line' id='line_1_41' title="bbox 173 3315 1252 3380; baseline -0.001 -15"><span class='ocrx_word' id='word_1_349' title='bbox 173 3316 265 3365; x_wconf 76' lang='lat' dir='ltr'>Passio</span> <span class='ocrx_word' id='word_1_350' title='bbox 284 3316 390 3366; x_wconf 78' lang='lat' dir='ltr'>Andree</span> <span class='ocrx_word' id='word_1_351' title='bbox 408 3317 449 3366; x_wconf 84' lang='lat'><strong>68.</strong></span> <span class='ocrx_word' id='word_1_352' title='bbox 806 3317 918 3367; x_wconf 87' lang='lat' dir='ltr'>-cleri</span> <span class='ocrx_word' id='word_1_353' title='bbox 936 3317 1035 3366; x_wconf 88' lang='lat' dir='ltr'>oesarei</span> <span class='ocrx_word' id='word_1_354' title='bbox 1052 3324 1091 3365; x_wconf 87' lang='lat' dir='ltr'>est</span> <span class='ocrx_word' id='word_1_355' title='bbox 1107 3330 1176 3380; x_wconf 86' lang='lat' dir='ltr'>papa</span> <span class='ocrx_word' id='word_1_356' title='bbox 1195 3315 1252 3364; x_wconf 88' lang='grc'><strong>113.</strong></span> 
     </span>
     <span class='ocr_line' id='line_1_42' title="bbox 175 3356 1303 3461; baseline -0.002 -27"><span class='ocrx_word' id='word_1_357' title='bbox 175 3411 208 3422; x_wconf 91' lang='grc'>-</span> <span class='ocrx_word' id='word_1_358' title='bbox 227 3394 307 3449; x_wconf 75' lang='lat' dir='ltr'>quani</span> <span class='ocrx_word' id='word_1_359' title='bbox 325 3385 389 3434; x_wconf 83' lang='lat' dir='ltr'>facit</span> <span class='ocrx_word' id='word_1_360' title='bbox 400 3383 527 3448; x_wconf 84' lang='lat' dir='ltr'>dyabolus</span> <span class='ocrx_word' id='word_1_361' title='bbox 543 3383 699 3433; x_wconf 82' lang='lat' dir='ltr'>fraternitati</span> <span class='ocrx_word' id='word_1_362' title='bbox 712 3385 752 3433; x_wconf 87' lang='grc'>56.</span> <span class='ocrx_word' id='word_1_363' title='bbox 778 3356 781 3461; x_wconf 67' lang='lat' dir='ltr'>l</span> <span class='ocrx_word' id='word_1_364' title='bbox 807 3412 837 3420; x_wconf 96' lang='lat'>-</span> <span class='ocrx_word' id='word_1_365' title='bbox 858 3385 966 3435; x_wconf 84' lang='lat' dir='ltr'>ecclesia</span> <span class='ocrx_word' id='word_1_366' title='bbox 984 3385 1071 3434; x_wconf 89' lang='lat' dir='ltr'>nullus</span> <span class='ocrx_word' id='word_1_367' title='bbox 1088 3385 1157 3449; x_wconf 88' lang='lat' dir='ltr'>prior</span> <span class='ocrx_word' id='word_1_368' title='bbox 1173 3391 1244 3433; x_wconf 85' lang='lat' dir='ltr'>secte</span> <span class='ocrx_word' id='word_1_369' title='bbox 1262 3385 1303 3433; x_wconf 88' lang='grc'>64.</span> 
     </span>
     <span class='ocr_line' id='line_1_43' title="bbox 173 3452 1237 3520; baseline -0.002 -17"><span class='ocrx_word' id='word_1_370' title='bbox 173 3470 207 3503; x_wconf 81' lang='lat' dir='ltr'>ex</span> <span class='ocrx_word' id='word_1_371' title='bbox 228 3454 341 3503; x_wconf 89' lang='lat' dir='ltr'>-sionis</span> <span class='ocrx_word' id='word_1_372' title='bbox 359 3453 455 3503; x_wconf 89' lang='lat' dir='ltr'>virtute</span> <span class='ocrx_word' id='word_1_373' title='bbox 473 3454 561 3520; x_wconf 83' lang='lat' dir='ltr'>gracia</span> <span class='ocrx_word' id='word_1_374' title='bbox 577 3452 754 3517; x_wconf 90' lang='lat' dir='ltr'>superhabun·</span> <span class='ocrx_word' id='word_1_375' title='bbox 808 3480 838 3489; x_wconf 88' lang='lat'>—</span> <span class='ocrx_word' id='word_1_376' title='bbox 857 3454 976 3503; x_wconf 91' lang='lat' dir='ltr'>ordinum</span> <span class='ocrx_word' id='word_1_377' title='bbox 994 3468 1040 3503; x_wconf 83' lang='lat' dir='ltr'>rex</span> <span class='ocrx_word' id='word_1_378' title='bbox 1057 3452 1178 3519; x_wconf 89' lang='lat' dir='ltr'>superbio</span> <span class='ocrx_word' id='word_1_379' title='bbox 1197 3454 1237 3501; x_wconf 88' lang='grc'>51.</span> 
     </span>
    </p>

    <p class='ocr_par' dir='ltr' id='par_1_5' title="bbox 174 3504 1383 3778">
     <span class='ocr_line' id='line_1_44' title="bbox 209 3504 1215 3597; baseline 0 -27"><span class='ocrx_word' id='word_1_380' title='bbox 209 3521 276 3571; x_wconf 83' lang='lat' dir='ltr'>dans</span> <span class='ocrx_word' id='word_1_381' title='bbox 300 3524 356 3572; x_wconf 88' lang='lat'><strong>123.</strong></span> <span class='ocrx_word' id='word_1_382' title='bbox 778 3504 781 3597; x_wconf 71' lang='lat' dir='ltr'>l</span> <span class='ocrx_word' id='word_1_383' title='bbox 807 3549 837 3557; x_wconf 98' lang='lat'>—</span> <span class='ocrx_word' id='word_1_384' title='bbox 856 3529 927 3572; x_wconf 87' lang='grc'><strong>66616</strong></span> <span class='ocrx_word' id='word_1_385' title='bbox 945 3523 1066 3572; x_wconf 83' lang='lat' dir='ltr'>cristiana</span> <span class='ocrx_word' id='word_1_386' title='bbox 1083 3522 1157 3570; x_wconf 88' lang='lat' dir='ltr'>Iesus</span> <span class='ocrx_word' id='word_1_387' title='bbox 1174 3521 1215 3570; x_wconf 90' lang='lat'>22.</span> 
     </span>
     <span class='ocr_line' id='line_1_45' title="bbox 174 3588 1223 3657; baseline -0.002 -17"><span class='ocrx_word' id='word_1_388' title='bbox 174 3607 222 3656; x_wconf 89' lang='lat' dir='ltr'>per</span> <span class='ocrx_word' id='word_1_389' title='bbox 241 3606 335 3640; x_wconf 88' lang='lat' dir='ltr'>-nem</span> <span class='ocrx_word' id='word_1_390' title='bbox 362 3590 459 3640; x_wconf 88' lang='lat' dir='ltr'>domini</span> <span class='ocrx_word' id='word_1_391' title='bbox 486 3590 636 3640; x_wconf 74' lang='lat' dir='ltr'>urlneracio</span> <span class='ocrx_word' id='word_1_392' title='bbox 667 3588 754 3639; x_wconf 89' lang='lat' dir='ltr'>anime</span> <span class='ocrx_word' id='word_1_393' title='bbox 778 3608 781 3613; x_wconf 92' lang='lat'>·</span> <span class='ocrx_word' id='word_1_394' title='bbox 806 3591 972 3657; x_wconf 84' lang='lat' dir='ltr'>-obligato</span> <span class='ocrx_word' id='word_1_395' title='bbox 990 3606 1041 3639; x_wconf 91' lang='lat' dir='ltr'>non</span> <span class='ocrx_word' id='word_1_396' title='bbox 1061 3589 1148 3638; x_wconf 84' lang='lat' dir='ltr'>delicit</span> <span class='ocrx_word' id='word_1_397' title='bbox 1167 3591 1223 3638; x_wconf 87' lang='grc'><strong>165.</strong></span> 
     </span>
     <span class='ocr_line' id='line_1_46' title="bbox 174 3656 1383 3778; baseline -0.003 -70"><span class='ocrx_word' id='word_1_398' title='bbox 174 3728 196 3776; x_wconf 67' lang='lat' dir='ltr'>P</span> <span class='ocrx_word' id='word_1_399' title='bbox 208 3659 359 3724; x_wconf 86' lang='lat' dir='ltr'>specialiter</span> <span class='ocrx_word' id='word_1_400' title='bbox 376 3665 416 3777; x_wconf 70' lang='lat' dir='ltr'>opt</span> <span class='ocrx_word' id='word_1_401' title='bbox 433 3659 523 3777; x_wconf 50' lang='lat' dir='ltr'>{dputes</span> <span class='ocrx_word' id='word_1_402' title='bbox 540 3662 558 3777; x_wconf 63' lang='lat' dir='ltr'>1li</span> <span class='ocrx_word' id='word_1_403' title='bbox 558 3660 598 3777; x_wconf 58' lang='lat'><strong>215.</strong></span> <span class='ocrx_word' id='word_1_404' title='bbox 685 3734 696 3777; x_wconf 62' lang='lat' dir='ltr'><strong>t</strong></span> <span class='ocrx_word' id='word_1_405' title='bbox 805 3659 919 3778; x_wconf 55' lang='lat' dir='ltr'>ado—sni</span> <span class='ocrx_word' id='word_1_406' title='bbox 930 3659 1064 3778; x_wconf 58' lang='grc'><strong>6265616666]</strong></span> <span class='ocrx_word' id='word_1_407' title='bbox 1076 3658 1134 3723; x_wconf 87' lang='lat' dir='ltr'>plus</span> <span class='ocrx_word' id='word_1_408' title='bbox 1146 3656 1289 3706; x_wconf 89' lang='lat' dir='ltr'>attenditur</span> <span class='ocrx_word' id='word_1_409' title='bbox 1302 3671 1383 3722; x_wconf 88' lang='lat' dir='ltr'>quam</span> 
     </span>
     <span class='ocr_line' id='line_1_47' title="bbox 196 3736 992 3778; baseline 0.001 -1"><span class='ocrx_word' id='word_1_410' title='bbox 196 3736 297 3777; x_wconf 85' lang='lat' dir='ltr'>astores</span> <span class='ocrx_word' id='word_1_411' title='bbox 314 3744 368 3777; x_wconf 90' lang='lat' dir='ltr'>non</span> <span class='ocrx_word' id='word_1_412' title='bbox 396 3744 432 3777; x_wconf 90' lang='lat' dir='ltr'>un</span> <span class='ocrx_word' id='word_1_413' title='bbox 451 3743 526 3777; x_wconf 85' lang='lat' dir='ltr'>aim</span> <span class='ocrx_word' id='word_1_414' title='bbox 577 3743 615 3777; x_wconf 89' lang='lat' dir='ltr'>es</span> <span class='ocrx_word' id='word_1_415' title='bbox 635 3743 683 3777; x_wconf 89' lang='grc'>66</span> <span class='ocrx_word' id='word_1_416' title='bbox 713 3741 754 3777; x_wconf 86' lang='lat' dir='ltr'>oa·</span> <span class='ocrx_word' id='word_1_417' title='bbox 862 3737 916 3778; x_wconf 82' lang='lat' dir='ltr'>risti</span> <span class='ocrx_word' id='word_1_418' title='bbox 986 3766 992 3777; x_wconf 88' lang='lat'><strong>.</strong></span> 
     </span>
    </p>

    <p class='ocr_par' dir='ltr' id='par_1_6' title="bbox 175 3745 1383 3945">
     <span class='ocr_line' id='line_1_48' title="bbox 209 3745 1383 3865; baseline -0.003 -20"><span class='ocrx_word' id='word_1_419' title='bbox 209 3797 288 3846; x_wconf 83' lang='lat' dir='ltr'>ritate</span> <span class='ocrx_word' id='word_1_420' title='bbox 305 3797 363 3848; x_wconf 86' lang='grc'><strong>613.</strong></span> <span class='ocrx_word' id='word_1_421' title='bbox 617 3745 633 3794; x_wconf 74' lang='lat' dir='ltr'>p</span> <span class='ocrx_word' id='word_1_422' title='bbox 779 3808 781 3865; x_wconf 64' lang='grc'><strong>1</strong></span> <span class='ocrx_word' id='word_1_423' title='bbox 806 3813 919 3847; x_wconf 89' lang='lat' dir='ltr'>-onum</span> <span class='ocrx_word' id='word_1_424' title='bbox 937 3796 1090 3846; x_wconf 86' lang='lat' dir='ltr'>confitemur</span> <span class='ocrx_word' id='word_1_425' title='bbox 1100 3794 1210 3844; x_wconf 80' lang='lat' dir='ltr'>eristum</span> <span class='ocrx_word' id='word_1_426' title='bbox 1226 3793 1310 3843; x_wconf 87' lang='lat' dir='ltr'>solum</span> <span class='ocrx_word' id='word_1_427' title='bbox 1322 3794 1383 3843; x_wconf 88' lang='grc'><strong>215.</strong></span> 
     </span>
     <span class='ocr_line' id='line_1_49' title="bbox 175 3864 1217 3945; baseline -0.003 -31"><span class='ocrx_word' id='word_1_428' title='bbox 175 3891 208 3901; x_wconf 92' lang='lat'>-·</span> <span class='ocrx_word' id='word_1_429' title='bbox 229 3865 326 3915; x_wconf 86' lang='lat' dir='ltr'>debent</span> <span class='ocrx_word' id='word_1_430' title='bbox 349 3865 459 3916; x_wconf 85' lang='lat' dir='ltr'>Cristum</span> <span class='ocrx_word' id='word_1_431' title='bbox 486 3865 561 3931; x_wconf 86' lang='lat' dir='ltr'>sequi</span> <span class='ocrx_word' id='word_1_432' title='bbox 587 3866 615 3915; x_wconf 94' lang='lat' dir='ltr'>in</span> <span class='ocrx_word' id='word_1_433' title='bbox 641 3866 754 3915; x_wconf 90' lang='lat' dir='ltr'>moribus</span> <span class='ocrx_word' id='word_1_434' title='bbox 779 3876 781 3945; x_wconf 57' lang='lat' dir='ltr'>t</span> <span class='ocrx_word' id='word_1_435' title='bbox 806 3891 839 3901; x_wconf 96' lang='lat'>-</span> <span class='ocrx_word' id='word_1_436' title='bbox 857 3882 938 3916; x_wconf 91' lang='lat' dir='ltr'>unum</span> <span class='ocrx_word' id='word_1_437' title='bbox 956 3864 1054 3914; x_wconf 86' lang='lat' dir='ltr'>habent</span> <span class='ocrx_word' id='word_1_438' title='bbox 1070 3871 1141 3913; x_wconf 84' lang='lat' dir='ltr'>seete</span> <span class='ocrx_word' id='word_1_439' title='bbox 1161 3864 1217 3912; x_wconf 81' lang='grc'><strong>164.</strong></span> 
     </span>
    </p>

    <p class='ocr_par' dir='ltr' id='par_1_7' title="bbox 177 3932 1348 4271">
     <span class='ocr_line' id='line_1_50' title="bbox 211 3932 1186 3999; baseline -0.004 -16"><span class='ocrx_word' id='word_1_440' title='bbox 211 3934 270 3984; x_wconf 87' lang='grc'><strong>612.</strong></span> <span class='ocrx_word' id='word_1_441' title='bbox 779 3950 781 3999; x_wconf 74' lang='grc' dir='ltr'>Ι</span> <span class='ocrx_word' id='word_1_442' title='bbox 807 3935 883 3984; x_wconf 90' lang='lat' dir='ltr'>—oni</span> <span class='ocrx_word' id='word_1_443' title='bbox 900 3942 1028 3984; x_wconf 86' lang='lat' dir='ltr'>sectarum</span> <span class='ocrx_word' id='word_1_444' title='bbox 1049 3933 1109 3994; x_wconf 86' lang='grc'><strong>113;</strong></span> <span class='ocrx_word' id='word_1_445' title='bbox 1128 3932 1186 3981; x_wconf 88' lang='grc'><strong>299.</strong></span> 
     </span>
     <span class='ocr_line' id='line_1_51' title="bbox 178 4002 1090 4069; baseline 0 -19"><span class='ocrx_word' id='word_1_446' title='bbox 178 4029 209 4037; x_wconf 92' lang='lat'><em>-</em></span> <span class='ocrx_word' id='word_1_447' title='bbox 229 4003 315 4069; x_wconf 82' lang='lat' dir='ltr'>gregis</span> <span class='ocrx_word' id='word_1_448' title='bbox 328 4003 426 4053; x_wconf 90' lang='lat' dir='ltr'>domini</span> <span class='ocrx_word' id='word_1_449' title='bbox 437 4003 528 4068; x_wconf 89' lang='lat' dir='ltr'>quales</span> <span class='ocrx_word' id='word_1_450' title='bbox 539 4003 591 4052; x_wconf 88' lang='lat' dir='ltr'>sint</span> <span class='ocrx_word' id='word_1_451' title='bbox 607 4003 699 4053; x_wconf 87' lang='lat' dir='ltr'>fratres</span> <span class='ocrx_word' id='word_1_452' title='bbox 713 4004 753 4054; x_wconf 91' lang='grc'>56.</span> <span class='ocrx_word' id='word_1_453' title='bbox 779 4002 780 4009; x_wconf 74' lang='grc'>’</span> <span class='ocrx_word' id='word_1_454' title='bbox 807 4003 1013 4068; x_wconf 89' lang='lat' dir='ltr'>—prelatorum</span> <span class='ocrx_word' id='word_1_455' title='bbox 1032 4002 1090 4051; x_wconf 78' lang='lat'><strong>548.</strong></span> 
     </span>
     <span class='ocr_line' id='line_1_52' title="bbox 177 4068 1295 4135; baseline -0.004 -15"><span class='ocrx_word' id='word_1_456' title='bbox 177 4096 210 4106; x_wconf 96' lang='lat'>-</span> <span class='ocrx_word' id='word_1_457' title='bbox 229 4073 343 4135; x_wconf 87' lang='lat' dir='ltr'>perversi</span> <span class='ocrx_word' id='word_1_458' title='bbox 361 4073 389 4121; x_wconf 90' lang='lat' dir='ltr'>in</span> <span class='ocrx_word' id='word_1_459' title='bbox 407 4073 580 4122; x_wconf 84' lang='lat' dir='ltr'>mercenarios</span> <span class='ocrx_word' id='word_1_460' title='bbox 598 4073 655 4122; x_wconf 90' lang='grc'><strong>611.</strong></span> <span class='ocrx_word' id='word_1_461' title='bbox 778 4078 781 4095; x_wconf 81' lang='lat'><strong>¹</strong></span> <span class='ocrx_word' id='word_1_462' title='bbox 807 4097 837 4107; x_wconf 93' lang='lat'><em>-</em></span> <span class='ocrx_word' id='word_1_463' title='bbox 857 4071 974 4120; x_wconf 87' lang='lat' dir='ltr'>moderni</span> <span class='ocrx_word' id='word_1_464' title='bbox 991 4076 1080 4118; x_wconf 88' lang='lat' dir='ltr'>sancte</span> <span class='ocrx_word' id='word_1_465' title='bbox 1097 4068 1220 4117; x_wconf 83' lang='lat' dir='ltr'>vixerunt</span> <span class='ocrx_word' id='word_1_466' title='bbox 1237 4068 1295 4116; x_wconf 88' lang='grc'><strong>454.</strong></span> 
     </span>
     <span class='ocr_line' id='line_1_53' title="bbox 179 4100 1124 4206; baseline 0 -19"><span class='ocrx_word' id='word_1_467' title='bbox 179 4155 270 4188; x_wconf 88' lang='lat' dir='ltr'>-rurn</span> <span class='ocrx_word' id='word_1_468' title='bbox 288 4141 409 4205; x_wconf 88' lang='lat' dir='ltr'>superbia</span> <span class='ocrx_word' id='word_1_469' title='bbox 428 4150 454 4190; x_wconf 88' lang='lat' dir='ltr'>et</span> <span class='ocrx_word' id='word_1_470' title='bbox 470 4140 598 4206; x_wconf 88' lang='lat' dir='ltr'>cupiditas</span> <span class='ocrx_word' id='word_1_471' title='bbox 616 4142 674 4191; x_wconf 85' lang='grc'><strong>612.</strong></span> <span class='ocrx_word' id='word_1_472' title='bbox 778 4100 781 4205; x_wconf 74' lang='lat' dir='ltr'>l</span> <span class='ocrx_word' id='word_1_473' title='bbox 807 4166 838 4176; x_wconf 93' lang='lat'>-</span> <span class='ocrx_word' id='word_1_474' title='bbox 856 4141 923 4189; x_wconf 83' lang='lat' dir='ltr'>varii</span> <span class='ocrx_word' id='word_1_475' title='bbox 939 4140 1048 4188; x_wconf 80' lang='lat' dir='ltr'>fratrum</span> <span class='ocrx_word' id='word_1_476' title='bbox 1068 4138 1124 4187; x_wconf 88' lang='grc'><strong>113.</strong></span> 
     </span>
     <span class='ocr_line' id='line_1_54' title="bbox 181 4205 1348 4271; baseline -0.001 -17"><span class='ocrx_word' id='word_1_477' title='bbox 181 4233 211 4243; x_wconf 93' lang='grc'>-</span> <span class='ocrx_word' id='word_1_478' title='bbox 231 4208 348 4259; x_wconf 79' lang='lat' dir='ltr'>‹fefeotns</span> <span class='ocrx_word' id='word_1_479' title='bbox 366 4211 423 4259; x_wconf 92' lang='grc'><strong>611.</strong></span> <span class='ocrx_word' id='word_1_480' title='bbox 778 4218 781 4255; x_wconf 78' lang='lat' dir='ltr'>i</span> <span class='ocrx_word' id='word_1_481' title='bbox 807 4208 975 4258; x_wconf 90' lang='lat' dir='ltr'>—ordinum</span> <span class='ocrx_word' id='word_1_482' title='bbox 993 4215 1022 4256; x_wconf 91' lang='lat' dir='ltr'>ut</span> <span class='ocrx_word' id='word_1_483' title='bbox 1040 4207 1076 4256; x_wconf 88' lang='lat' dir='ltr'>sic</span> <span class='ocrx_word' id='word_1_484' title='bbox 1092 4210 1268 4271; x_wconf 87' lang='lat' dir='ltr'>peccaverunt</span> <span class='ocrx_word' id='word_1_485' title='bbox 1287 4205 1348 4254; x_wconf 83' lang='grc'><strong>453.</strong></span> 
     </span>
    </p>
   </div>
   <div class='ocr_carea' id='block_1_5' title="bbox 0 0 1555 5024">
    <p class='ocr_par' dir='ltr' id='par_1_8' title="bbox 0 0 1555 5024">
     <span class='ocr_line' id='line_1_55' title="bbox 0 0 1555 5024; baseline 0 0"><span class='ocrx_word' id='word_1_486' title='bbox 0 0 1555 5024; x_wconf 95' lang='lat' dir='ltr'> </span> 
     </span>
    </p>
   </div>
  </div>
 </body>
</html>
