3082 5024
52 480 120 529 cap.
143 463 184 531 11
277 467 333 515 ns
349 465 658 515 concamarare
674 468 838 516 nuoaosr
853 468 1096 518 nonra’osmu.
1221 475 1282 532 699

56 643 196 704 multos
220 643 359 704 fautores
381 652 412 703 et
433 662 488 721 per
503 660 690 720 consequens
704 641 842 702 membra
861 642 1009 704 anticristi
1030 642 1212 721 multiplicia
1233 643 1284 704 vel

56 754 234 807 tenentes.

167 850 299 910 Dicitur
328 858 430 909 autem
461 847 636 909 anticristus
671 869 709 908 ex
743 848 854 927 triplici
891 848 1116 926 significacione
1152 849 1282 910 famosa:

63 953 182 1029 primo
216 974 273 1032 pro
305 952 429 1031 capitali
460 950 602 1031 dyabolo,
635 952 687 1032 qui
717 952 827 1013 sathan
858 952 969 1013 dicitur
1000 952 1064 1013 sive
1092 953 1213 1023 lucifer,
1246 953 1284 1014 de

37 1062 206 1116 ⁵sumrna
228 1055 379 1116 ierarchia
401 1056 514 1128 celesti,
538 1056 569 1115 in
592 1054 729 1116 bonitate
751 1065 859 1115 nature
886 1057 1049 1134 precipuus
1075 1057 1154 1116 inter
1180 1078 1285 1116 omnes

14 1200 17 1223 r
71 1156 246 1236 dyabolos,
270 1159 322 1240 qui
344 1180 383 1220 ex
404 1158 548 1238 superbia
570 1158 754 1219 ceciderunt.
796 1158 839 1219 Et
861 1160 939 1220 sicut
961 1160 1035 1219 deus
1058 1159 1153 1220 habet
1173 1160 1204 1220 in
1227 1170 1284 1219 ter·

75 1260 122 1320 ris
151 1261 379 1323 humanitatem
402 1261 494 1322 Cristi
524 1283 611 1322 suum
641 1283 746 1323 verum
778 1263 939 1334 vicarium,
972 1263 1015 1322 sic
1046 1263 1103 1323 iste
1134 1261 1285 1341 dyabolus

79 1360 180 1425 babet
203 1367 234 1425 in
261 1365 349 1425 torris
372 1386 459 1425 suum
482 1366 644 1438 vicarium,
677 1366 728 1446 qui
760 1364 799 1425 ad
831 1366 998 1425 secuudum
1030 1385 1150 1425 serrsunr
1174 1366 1285 1425 dicitur

87 1467 270 1528 anticristus.
316 1467 424 1529 Tercio
446 1489 518 1529 vero
546 1470 636 1529 modo
664 1479 764 1547 potest
790 1468 992 1548 quodcunque
1019 1467 1189 1528 membrum
1211 1468 1284 1547 dye-

59 1564 154 1628 lttboli
176 1570 234 1630 dici
256 1570 407 1650 dyabolus
430 1591 466 1632 ac
489 1573 585 1634 eciam
609 1573 792 1633 anticristus.
831 1571 918 1632 Sicut
940 1572 1020 1631 enim
1041 1571 1177 1632 membra
1193 1571 1284 1631 Cristi

102 1669 233 1733 dicuntur
247 1676 455 1754 nuncupative
469 1685 593 1755 propter
608 1674 865 1737 inhabitacionem
887 1685 918 1735 et
933 1674 1176 1736 conformitatem
1191 1674 1285 1735 animi

109 1773 161 1850 lyae
180 1776 306 1851 Cristae,
339 1780 383 1840 sic
405 1778 542 1840 membra
569 1779 692 1859 dyaboli
716 1789 839 1858 propter
867 1779 1119 1840 assimilacionem
1142 1778 1286 1839 dicuntur

115 1874 238 1954 dyabolus
260 1901 296 1942 ao
319 1882 416 1942 eciam
445 1883 628 1943 anticristus.
674 1883 725 1943 sic
757 1884 837 1943 enim
866 1883 978 1943 veritas
1005 1883 1044 1942 de
1065 1882 1144 1943 Iuda
1167 1882 1284 1943 Scario-

119 1979 161 2039 this
178 1983 315 2064 loquitur:
339 2006 440 2046 nonne
456 2007 512 2064 ego
528 1987 689 2046 duodecim
705 2007 759 2046 vos
783 1985 870 2061 elegi,
895 1994 926 2045 ot
941 2007 1018 2044 unus
1041 2006 1079 2045 ex
1102 1984 1188 2044 vobis
1211 1986 1284 2063 dya-

100 2078 183 2143 alda
201 2099 253 2162 est,
275 2087 341 2148 Ioh.
360 2089 415 2149 t?⁰
441 2087 484 2149 Et
506 2088 522 2148 Ι
544 2088 615 2150 Joh.
640 2094 657 2148 ‘2
681 2083 854 2149 scribitnr‘l:
883 2088 925 2147 Et
953 2089 1031 2148 sicut
1053 2088 1188 2159 audistis,
1213 2088 1284 2167 quia

12 2230 72 2265 -.=·
125 2185 260 2251 arcenus
283 2192 382 2264 venit,
406 2212 487 2253 nuno
511 2192 659 2252 anticristi
682 2191 769 2251 multi
792 2192 866 2252 facti
889 2202 968 2251 sunt.

183 2290 218 2352 Et
236 2295 402 2357 concordat
422 2295 638 2374 interpretacio
667 2316 734 2355 cum
762 2296 821 2356 ista
848 2295 1012 2354 sentencia.
1058 2294 1180 2354 Dicitur
1202 2293 1282 2353 eninr

11 2408 52 2463 1:
129 2391 259 2457 anticristus
281 2396 321 2459 ab
345 2398 422 2471 anti,
447 2398 529 2478 quod
552 2409 598 2459 est
619 2409 733 2470 contra,
757 2406 788 2458 et
810 2396 940 2469 Cristae,
975 2397 1060 2477 quasi
1089 2405 1196 2457 contra
1218 2393 1282 2455 Cri-

67 2548 70 2553 .
131 2498 190 2567 mim,
208 2500 279 2561 sicut
300 2510 421 2581 oportet
442 2523 507 2563 esse
530 2523 619 2563 omne
641 2501 810 2562 membrum
827 2500 961 2580 dyaboli.
1006 2500 1098 2561 Unde
1120 2499 1282 2560 1.Joh.4⁶

10 2618 79 2673 .·.,;·
107 2591 159 2652 ”⁸70
173 2602 304 2665 scribitur:
334 2605 432 2665 omnis
463 2606 594 2684 spiritus,
620 2606 670 2686 qui
702 2605 792 2665 solvit
814 2605 924 2676 Iesum,
942 2611 954 2675 ΙΙ
971 2625 1009 2664 cx
1040 2604 1098 2663 deo
1128 2625 1188 2663 non
1221 2612 1454 2676 saturatam-r

132 2697 201 2802 attic
218 2716 259 2767 est
279 2709 463 2781 anticristus,
486 2708 526 2769 de
548 2730 607 2788 quo
630 2708 766 2781 audistis,
790 2708 931 2788 quoniam
960 2708 1097 2768 renitet
1119 2727 1199 2766 nunc
1222 2706 1282 2766 ianr

26 2818 55 2850 522
130 2808 149 2851 ¹1¹
164 2809 256 2869 mundo
276 2820 330 2872 est.

611 3054 697 3112 (ΕΗ).
721 3053 759 3112 II.

173 3208 240 3276 Sed
263 3223 334 3302 quia
365 3223 539 3284 anticristus
570 3245 630 3284 non
663 3234 762 3302 potest
784 3225 884 3285 lesum
909 3224 1040 3285 Cristum
1070 3226 1170 3305 quoad
1198 3247 1282 3286 suom

42 3295 243 3433 95bpf⁰P¹⁵l¹¹1n
263 3324 470 3386 substanciam
498 3326 692 3406 impugnare,
726 3328 832 3387 nititur
854 3337 960 3388 contra
982 3328 1115 3389 Cristum
1139 3330 1167 3388 in
1192 3351 1283 3389 mem·

83 3404 121 3462 '²³
149 3417 234 3478 θυῖε
254 3448 355 3506 agere,
379 3448 437 3508 que
459 3438 530 3489 sunt
551 3438 654 3507 partes
677 3429 813 3501 ecclesie,
838 3432 919 3491 etin
943 3432 1020 3509 lege.

44 3564 50 3576 ι
140 3507 251 3587 Nam
274 3532 305 3591 in
328 3531 388 3592 ista
409 3531 485 3592 hora
506 3533 670 3593 novissima
688 3543 758 3593 sunt
773 3534 860 3594 multi
876 3535 1025 3594 anticristi
1047 3534 1145 3611 legem
1169 3534 1282 3595 dornini

19 3582 310 3727 ygwpulfflantes,
335 3642 370 3694 ut
391 3634 433 3693 hii
458 3633 681 3714 blasphemant,
706 3638 786 3717 quod
810 3638 860 3697 lex
883 3637 1031 3715 scripture
1053 3647 1099 3697 est
1121 3638 1283 3698 falsissima

7 3698 58 3827 bx
83 3724 150 3765 nn
198 3738 337 3797 ¹ltundo.
369 3734 412 3798 Et
432 3737 490 3798 hoc
506 3738 698 3800 machinatus
714 3750 758 3799 rest
774 3740 932 3819 ‹lyabolus¹
958 3751 991 3800 ut
1009 3740 1115 3815 regula
1132 3741 1283 3801 catholica

6 3880 13 3925 ξ
37 3815 322 3913 ⁸,u0t0ritate
345 3847 376 3901 et
398 3861 500 3900 amore
523 3840 646 3903 ‹loticiat
668 3844 827 3904 cristianis.
873 3843 951 3903 Nam
977 3844 1000 3901 si
1025 3843 1074 3902 lex
1098 3842 1284 3920 euangelica

22 3915 120 3961 ΜΟ
173 3922 298 4017 falsa,
322 3944 442 4004 viantes
464 3946 645 4006 naturaliter
666 3946 762 4024 ipsam
791 3954 919 4020 negant,
952 3946 1059 4005 odiunt
1085 3955 1115 4005 et
1139 3967 1193 4023 per
1214 3966 1282 4004 ‹arn-

6 4005 9 4025 ,

6 4012 170 4074 '3¹¹³
220 4047 449 4108 tauctoritatem
473 4048 537 4107 eius
559 4049 589 4108 in
613 4070 666 4108 suo
689 4049 836 4125 regimine
860 4049 944 4127 parvi
969 4048 1116 4126 pendunt

299 4256 394 4302 ‘alti
462 4250 561 4302 “alti
629 4257 706 4304 ‘a3
