3082 5024
281 477 341 536 812
716 472 895 522 GENERAL
913 471 1043 522 INDEX.

281 643 411 710 Regulam
423 644 533 709 apostoli
543 650 569 693 et
578 650 726 710 segmentes
738 644 858 709 discipuli
909 642 1012 709 Religio
1029 643 1131 707 privata
1142 644 1210 709 sapit
1221 643 1452 710 imperleocionem
1464 654 1490 698 et

313 729 396 778 usque
410 713 445 762 ad
462 713 626 763 dotacionem
643 713 753 763 ecclesie
772 714 857 763 obser·
943 719 1080 777 peccatum
1098 714 1156 763 453.

316 783 486 833 1611161215.
910 808 943 817 -
961 781 1063 845 privata
1081 781 1189 831 includit
1205 780 1232 829 in
1250 796 1279 832 se
1292 782 1489 834 observanciam

280 878 311 886 —
333 851 461 916 privatam
488 849 672 899 monachornm
698 849 858 900 Benedictus
943 849 1034 915 regule
1052 849 1166 898 humane
1185 851 1243 900 493.

314 919 504 970 consummavit
520 920 579 969 498.
909 944 941 953 -
959 918 1062 983 privata
1079 924 1177 968 statuta
1194 918 1263 968 ultra
1274 933 1427 970 mensuram
1440 936 1490 987 qna

279 1003 403 1038 -suam
423 987 521 1038 Cristus
538 1003 591 1037 non
608 987 693 1037 variat
712 988 769 1038 142.
943 986 1053 1036 facilitat
1078 987 1112 1036 ad
1138 987 1335 1037 observanciam
1358 989 1491 1056 religionis

277 1064 367 1107 contra
391 1085 422 1092 —
442 1056 518 1106 Gristi
539 1056 620 1106 abbas
642 1055 774 1106 subditum
792 1056 855 1106 obli·
942 1055 1086 1105 communis
1103 1057 1162 1106 494.

314 1132 360 1192 gat
379 1127 435 1175 136.
909 1151 941 1160 -
959 1125 1062 1188 privata
1078 1125 1198 1191 obligans
1215 1124 1389 1190 professorem
1405 1125 1440 1176 ad
1452 1142 1489 1178 66

278 1209 294 1243 6
312 1194 372 1243 —la
390 1201 417 1244 et
432 1193 598 1245 ordinacione
611 1192 654 1244 dei
665 1199 736 1243 secte
750 1193 857 1244 deviant
942 1192 1076 1258 quendum
1093 1192 1225 1243 hominem
1242 1193 1291 1243 sub
1310 1193 1394 1244 (111616
1414 1197 1473 1246 494.

314 1263 372 1314 112.
910 1289 940 1296 -
958 1261 1061 1326 privata
1078 1277 1142 1312 num
1160 1262 1296 1327 culpabilia
1314 1264 1374 1312 491.

279 1332 337 1381 -le
366 1337 495 1382 sectarum
525 1332 579 1398 legi
608 1331 651 1382 dei
678 1330 767 1382 addite
796 1336 857 1380 sunt
908 1330 1061 1395 -privata
1078 1346 1131 1380 non
1149 1337 1189 1381 est
1205 1331 1294 1380 divina
1312 1334 1372 1382 495.

314 1401 370 1451 183.
909 1399 1055 1464 —privata
1071 1405 1177 1465 propter
1191 1400 1363 1450 inclusionem
1375 1401 1491 1452 stulticie

278 1496 310 1504 -
328 1474 458 1519 sectarum
476 1469 603 1519 contrarie
620 1468 674 1535 legi
691 1467 733 1518 dei
753 1470 809 1519 133.
942 1467 1080 1532 culpabilis
1097 1470 1156 1519 493.

278 1564 307 1574 -
328 1538 437 1587 fratrum
456 1538 604 1588 16116113.
909 1563 941 1572 -
963 1536 1066 1601 privata
1092 1537 1175 1586 omnis
1200 1536 1280 1587 habet
1305 1537 1423 1604 aliquam
1447 1538 1490 1590 de·

278 1632 309 1641 —-
327 1606 479 1672 impietatis,
503 1623 555 1655 non
577 1606 692 1656 caritatis
708 1612 780 1667 sunt,
803 1620 855 1670 que
941 1605 1039 1654 fectum
1057 1606 1227 1656 essencialem
1245 1608 1303 1656 495.

312 1674 403 1724 dotant
433 1675 597 1739 presbyteros
628 1681 718 1724 contra
744 1674 855 1724 Gristum
908 1701 939 1709 -
958 1674 1060 1739 privata
1077 1674 1203 1725 laudabili
1218 1674 1391 1726 fundamento
1404 1676 1490 1742 priva·

312 1744 370 1794 211.
942 1744 1060 1792 161511.

279 1838 310 1846 -
329 1825 397 1860 nove
416 1817 584 1875 patronorum
602 1813 660 1861 104.
880 1846 882 1875 ,
908 1838 940 1846 -
959 1811 1062 1876 privata
1079 1810 1257 1861 essencialiter
1274 1811 1420 1876 perfeccior
1437 1829 1490 1865 me·

279 1907 310 1915 —
329 1886 355 1929 et
374 1879 437 1928 ritus
454 1885 583 1929 sectarum
601 1881 659 1931 304.
941 1879 1042 1929 ritorior
1060 1886 1087 1930 et
1103 1880 1217 1929 securior
1228 1894 1308 1946 quam
1320 1888 1404 1931 status
1416 1898 1490 1933 secu·

277 1975 310 1984 -
328 1954 356 1998 et
372 1948 475 2014 patroni
496 1954 626 1999 sectarum
644 1949 729 1998 minus
746 1949 855 2014 66116611
940 1947 1003 1997 16116
1021 1949 1079 1998 513.

312 2016 369 2067 139.
909 2045 938 2050 -
958 2017 1060 2082 privata
1077 2022 1164 2067 utrum
1181 2015 1412 2084 datumoptimum
1431 2021 1489 2070 524.

277 2112 308 2120 -
327 2092 457 2135 sectarum
474 2086 577 2135 noviter
593 2086 739 2137 introducte
758 2088 798 2138 21.
907 2113 939 2121 -
957 2086 1059 2150 privata
1079 2102 1131 2135 non
1156 2101 1279 2151 expressa
1296 2087 1323 2136 in
1342 2088 1489 2155 ewangelio

278 2154 395 2204 —larum
413 2155 564 2205 observacio
583 2155 640 2206 286.
942 2155 1002 2204 524.

277 2223 350 2272 —las
366 2238 449 2273 novas
465 2229 536 2275 66616
553 2223 734 2288 superaddunt
751 2224 809 2273 182.
907 2250 938 2257 -
958 2222 1060 2288 6111616
1077 2222 1262 2273 monachorum
1274 2240 1338 2274 num
1350 2224 1489 2275 laudabilis

277 2319 309 2328 -
322 2307 382 2342 suas
393 2307 472 2357 super
483 2292 595 2343 Gristum
606 2298 677 2342 66616
687 2291 856 2358 magnificant
940 2293 1056 2341 661491.

310 2361 369 2411 299.
907 2387 938 2395 -
974 2360 1077 2425 privata
1106 2359 1179 2410 nulla
1209 2377 1286 2411 suum
1315 2362 1489 2428 professorem

277 2456 309 2465 -
327 2444 388 2479 suas
405 2437 540 2495 tamquam
557 2429 644 2496 legem
662 2429 705 2480 dei
722 2436 793 2480 secte
811 2429 854 2479 ob·
879 2460 881 2523 p
941 2427 1080 2478 difficultat
1097 2431 1156 2478 509.

311 2505 417 2548 servant
436 2500 493 2549 181.
907 2525 939 2533 -
957 2497 1059 2562 privata
1076 2497 1149 2547 nulla
1167 2496 1247 2548 habet
1267 2498 1426 2565 culpabilem
1444 2499 1489 2551 de·

277 2567 304 2616 16
321 2567 387 2616 -116
405 2573 432 2616 61
448 2567 564 2633 66116616
577 2567 662 2617 variat
678 2572 772 2633 quarta
783 2572 855 2617 secta
940 2565 1037 2615 fectum
1055 2567 1113 2616 500.

311 2637 369 2687 214.
906 2661 938 2670 -
950 2635 1052 2699 privata
1064 2635 1208 2684 secundum
1219 2635 1401 2688 condicionem
1411 2653 1487 2688 suam

276 2704 408 2770 Regulare
427 2705 564 2754 ecclesiam
583 2705 640 2754 112.
940 2710 980 2752 661
998 2703 1136 2753 laudabilis
1154 2704 1211 2753 501.

276 2772 358 2822 -1611
369 2779 456 2838 posset
467 2773 578 2824 ecclesia
589 2789 712 2839 61666616
720 2773 777 2823 6166
786 2787 855 2838 papa
906 2798 938 2807 -
956 2772 1059 2836 privata
1075 2777 1158 2821 status
1176 2773 1355 2824 securissimus
1373 2773 1408 2824 ad
1426 2775 1486 2825 bea·

311 2843 369 2891 616.
939 2840 1078 2890 titudinem
1096 2841 1154 2891 502.

276 2909 416 2958 -landum
435 2915 475 2959 est
491 2910 608 2976 regimen
626 2911 674 2959 sub
692 2924 803 2975 porsena
814 2924 854 2960 se·
905 2935 937 2944 -
955 2910 1057 2973 privata
1080 2915 1120 2959 est
1141 2915 1224 2959 status
1241 2910 1422 2961 securissimus
1439 2927 1486 2977 616

309 2977 424 3027 cundum
441 2977 528 3043 legem
545 2979 619 3029 verbi
637 2978 679 3029 dei
697 2980 755 3027 418.
939 2978 1039 3027 viatore
1058 2978 1116 3028 501.

274 3046 448 3111 Regulutores
471 3046 587 3096 ordinem
609 3062 643 3096 ne
664 3047 717 3097 sint
736 3046 854 3097 canonici
904 3073 936 3081 —
954 3046 1485 3112 6116616616166161661666116666666·

309 3116 367 3165 248.
938 3114 1040 3165 dicione
1058 3114 1196 3165 laudabilis
1214 3117 1273 3166 499.

274 3182 388 3234 Reliccio
407 3182 484 3232 Gristi
500 3182 652 3248 blasphema
673 3184 714 3234 32.
904 3211 936 3219 —
954 3183 1056 3248 privata
1074 3199 1126 3232 non
1145 3191 1184 3234 est
1201 3190 1284 3234 statua
1296 3186 1485 3249 securissimus,

276 3278 308 3288 -
327 3252 423 3302 ordinis
441 3251 555 3301 cristiani
573 3253 614 3303 96.
937 3252 1007 3317 quod
1034 3268 1085 3301 non
1113 3259 1152 3302 est
1173 3253 1286 3303 maxime
1308 3254 1485 3321 elongatusa

275 3321 429 3387 Religancia
446 3321 510 3369 ritus
528 3322 586 3370 468.
937 3327 1045 3386 6666616
1063 3322 1121 3371 505.

273 3389 375 3456 Religio
393 3389 495 3455 privata
512 3389 574 3455 quid
593 3391 708 3440 661453.
904 3417 935 3425 -
954 3390 1056 3454 privata
1078 3396 1117 3439 est
1137 3389 1222 3439 minus
1239 3390 1387 3455 periculose
1404 3407 1486 3458 quam

274 3486 306 3495 -
325 3459 427 3523 privata
439 3464 479 3508 661
490 3463 589 3508 6161616
599 3458 627 3506 16
638 3458 718 3523 61666
730 3472 852 3508 mensura
936 3463 1019 3508 statua
1036 3457 1150 3523 prelacle
1169 3458 1228 3509 503.
1330 3507 1335 3519 ,

307 3529 366 3578 494.
904 3555 933 3563 -
952 3527 1055 3592 privata
1072 3526 1199 3592 equivoce
1216 3527 1327 3577 sumitur
1345 3529 1405 3579 503.

273 3627 305 3635 -
324 3597 407 3646 omnis
424 3596 528 3661 privata
546 3601 585 3645 est
603 3595 635 3645 de
647 3595 774 3662 religione
786 3610 851 3660 pure
902 3595 1056 3661 —privata
1077 3611 1130 3644 non
1151 3595 1262 3658 6111166,
1286 3597 1356 3662 quod
1374 3597 1485 3666 obligat,

307 3664 469 3731 euangelica
490 3680 537 3730 per
559 3664 723 3714 addicionem
741 3664 851 3714 alicuius
936 3670 975 3714 est
992 3664 1048 3729 ipsa
1065 3664 1202 3729 culpabilis
1220 3666 1279 3715 501.

306 3734 370 3784 11166
388 3733 502 3799 religiosi
519 3735 579 3783 498.
903 3761 934 3769 -
956 3732 1059 3798 privata
1082 3740 1122 3782 est
1147 3739 1230 3782 statua
1261 3734 1378 3784 securior
1405 3750 1486 3802 quam

272 3803 406 3852 -omnis
423 3802 525 3867 privata
547 3809 587 3853 est
604 3803 674 3852 facta
691 3802 724 3851 ab
742 3801 850 3851 homini-
934 3807 1017 3851 status
1034 3801 1147 3866 prelacie
1166 3803 1224 3852 503.

305 3872 354 3921 bus
370 3872 429 3921 491.
874 3922 876 3944 Ι
901 3898 933 3906 -
951 3871 1054 3935 privata
1071 3870 1170 3936 obligat
1187 3870 1221 3919 arl
1240 3870 1365 3921 mandata
1384 3880 1485 3924 61666-

273 3968 304 3975 -
322 3940 424 4006 privata
441 3939 511 3988 facta
529 3954 562 3989 ex
579 3938 732 4006 ignorancia
750 3938 794 3988 vel
805 3937 849 3989 de·
934 3939 992 3988 silic
1010 3939 1068 3989 529.

305 4009 376 4059 16616
394 4008 456 4058 61116
472 4008 605 4057 statuendi
616 4008 770 4074 religionem
781 4023 850 4057 com·
900 4035 933 4043 —
951 4008 1053 4073 privata
1071 4006 1205 4057 ordinatur
1216 4007 1250 4056 ad
1262 4007 1363 4057 cultum
1375 4009 1486 4076 amplio-

307 4093 412 4127 munem
430 4078 488 4127 495.
934 4092 989 4126 1616
1007 4090 1086 4141 quam
1104 4074 1180 4125 Cristi
1198 4076 1289 4142 religio
1308 4074 1368 4129 531.

274 4147 423 4210 -privata
445 4160 497 4194 non
515 4144 590 4195 tollet
611 4144 797 4211 impedimenta
815 4143 849 4195 ad
900 4146 1053 4210 —privata
1074 4144 1217 4209 perfeccior
1238 4159 1318 4210 quam
1337 4149 1484 4199 communis

304 4213 494 4264 beatitudinem
512 4215 569 4264 534.
936 4214 994 4264 532.
