3082 5024
154 445 217 503 498
577 443 768 494 sensuum
791 444 929 502 arcam
1225 440 1286 514 pap

154 639 267 697 magna
297 628 328 678 et
358 616 397 678 ab
429 618 591 679 universali
623 619 752 680 ecclesia
782 616 960 697 approbata,
992 617 1066 698 quia
1095 639 1161 679 non
1192 616 1300 680 secund

154 722 238 783 illam
262 722 413 783 racionem
437 729 483 782 est
503 721 570 800 ipsa
592 722 691 801 posita
711 722 743 781 in
765 720 849 781 dicta
869 740 1020 784 mensura.
1051 721 1103 783 Ex
1128 743 1191 804 qno
1215 721 1300 802 sequit

155 826 235 906 quod
250 825 289 886 ad
300 825 526 885 rectificandum
542 825 655 886 dictam
670 824 919 905 consequenciam
930 832 1082 903 oporteret
1095 825 1129 884 in
1146 824 1300 887 antecedm

155 950 274 990 sumere
295 927 387 988 talem
403 922 689 1008 proposieionem²⁶z
705 935 828 988 sanctus
842 926 1026 988 Benedictus
1041 926 1299 989 consummavitfi

154 1031 369 1109 literregulam
384 1031 535 1110 privatam
551 1030 768 1091 monachorum
783 1030 949 1091 secundum
965 1051 1085 1091 omnem
1100 1051 1191 1092 suam
1206 1031 1299 1093 racina

156 1128 371 1196 discrecione„
399 1129 544 1213 magna²⁸
570 1143 601 1195 et
623 1132 662 1194 ab
690 1133 854 1194 universali
877 1133 1006 1195 ecclesia
1028 1129 1277 1213 approbatam.”

156 1249 228 1299 tunc
243 1237 439 1299 concedenda
454 1245 533 1298 esset
546 1237 613 1317 ipsa
628 1237 846 1317 consequencia
861 1245 892 1297 et
906 1237 1079 1315 negandum
1089 1237 1156 1299 eius
1166 1236 1299 1301 antecedi

156 1362 212 1402 nec
231 1342 331 1421 ipsum
353 1340 544 1412 antecedens,
569 1350 603 1400 ut
624 1349 751 1413 constat,
775 1340 882 1400 asserit
903 1338 1010 1400 beatus
1032 1338 1203 1419 Gregorius
1225 1343 1257 1403 in
1277 1340 1299 1403 d

157 1445 298 1524 allegato,
322 1444 393 1504 lieet
413 1444 445 1504 iu
466 1444 532 1523 ipso
555 1453 678 1515 asserat,
703 1443 784 1523 quod
798 1451 921 1504 sanctus
935 1441 1121 1504 Benedictus
1138 1464 1299 1505 consummi

157 1548 287 1608 finaliter
317 1546 532 1627 particularem
564 1545 701 1625 regulam
734 1545 950 1607 monachorum
977 1545 1143 1608 habentem
1168 1568 1289 1609 omnem

158 1652 291 1732 aliquam
313 1651 464 1711 racionem
487 1649 647 1709 fundatam
668 1648 700 1708 in
722 1650 872 1729 scriptura
893 1669 988 1723 sacra,
1011 1650 1184 1711 secundum
1207 1670 1298 1732 quam

158 1755 343 1816 discrecione
364 1773 476 1831 magna
498 1762 529 1813 et
550 1751 590 1812 ab
612 1752 775 1813 universali
797 1752 925 1813 ecclesia
947 1751 1126 1832 approbata

244 1857 294 1917 Ex
318 1877 376 1936 quo
399 1865 492 1935 patet,
520 1855 599 1936 quod
627 1857 665 1916 de
687 1855 824 1936 qualibet
847 1856 968 1935 privata
996 1855 1143 1933 religione
1175 1866 1280 1937 potest

158 1961 264 2039 religio
287 1959 479 2039 particularis
501 1979 575 2037 pure
598 1959 783 2035 euangelica
804 1958 844 2018 ab
867 1979 911 2031 eo,
943 1958 994 2039 qui
1015 1957 1111 2019 habet
1131 1961 1298 2022 scienciam

159 2065 261 2124 vinam
294 2062 457 2141 separandi
488 2082 597 2141 purum
622 2061 661 2121 ab
684 2062 802 2140 impuro
825 2062 856 2121 in
878 2082 923 2122 ea.
967 2060 1010 2121 Et
1031 2082 1049 2121 a
1071 2062 1140 2142 pari
1165 2063 1207 2124 de
1229 2062 1298 2145 quel

160 2166 292 2226 dominio
323 2165 452 2224 seculari
475 2175 575 2243 potest
597 2165 659 2224 fieri
683 2164 848 2224 dominium
870 2165 1104 2244 proprietarium
1127 2186 1207 2244 pure
1230 2187 1298 2229 ewa]

160 2270 250 2330 licum
275 2289 330 2348 per
352 2268 522 2328 huiusmodi
546 2266 812 2346 separauioncm.³⁰

246 2372 388 2433 Secundo
411 2380 504 2450 patet,
529 2371 609 2450 quod
625 2391 685 2430 non
704 2371 847 2450 sequitur,
871 2371 977 2450 regula
996 2372 1118 2451 privata
1133 2372 1298 2435 monachor

160 2497 251 2557 quam
283 2473 415 2535 finaliter
446 2474 667 2534 consummavit
697 2469 852 2535 sanetus³¹
882 2473 1067 2535 Benedictus
1105 2474 1156 2535 vel
1191 2477 1285 2550 alius,

160 2579 327 2640 secundum
360 2598 477 2637 omnem
510 2577 659 2636 racionem
684 2598 768 2637 suam
792 2577 831 2637 ab
854 2576 1025 2638 hominibus
1048 2577 1194 2640 distincte
1217 2601 1298 2660 perc«

160 2683 252 2744 bilem
276 2681 448 2754 laudabilis,
477 2700 548 2757 ergo
571 2688 618 2740 est
639 2680 806 2741 secundum
828 2700 947 2740 (tamem
969 2680 1122 2741 racionem
1145 2703 1238 2744 suam
1261 2683 1298 2745 lar

12 2798 82 2848 vso&
97 2796 147 2837 1⁸⁶⁶
161 2786 230 2846 bilis
261 2786 309 2844 vel
342 2785 438 2845 disere
455 2791 466 2853 ΙΙ
483 2784 568 2844 aione
599 2803 711 2862 magna
742 2778 830 2844 aut³²
852 2782 891 2844 ab
913 2783 1076 2844 universali
1098 2785 1237 2849 ecclesia
1258 2808 1297 2868 ap

160 2889 242 2961 bata,
266 2898 300 2948 ut
321 2897 407 2967 patet
427 2888 460 2947 in
482 2884 641 2948 assimili³³
663 2887 700 2946 de
723 2887 787 2947 rita
809 2888 906 2947 saneti
927 2886 1072 2947 Iohannis
1093 2886 1250 2967 Baptista.

246 2991 353 3051 Tercio
376 2999 468 3069 patet,
492 2990 571 3069 quod
592 2991 687 3050 omnis
702 2989 807 3068 religio
822 2990 943 3069 privata
957 2986 1024 3050 sill*
1039 2989 1077 3050 de
1091 2990 1298 3074 religione³⁵1

159 3094 344 3173 euangelica
365 3115 420 3173 per
442 3093 631 3153 addicioncm
647 3093 775 3153 alicuius
789 3093 865 3153 ritus
879 3093 1011 3169 religiosi
1025 3092 1065 3152 ad
1080 3113 1151 3153 eam
1167 3096 1229 3157 sub
1246 3118 1297 3159 rac

160 3199 250 3258 nimie
282 3196 516 3258 universalitatis
539 3206 593 3257 aut
614 3196 738 3257 alterius
762 3195 946 3256 condicionis
968 3215 1028 3256 non
1049 3196 1218 3259 fundatam
1243 3200 1276 3261 in

160 3310 251 3381 ptura
273 3322 361 3362 sacra
383 3311 414 3360 et
435 3320 490 3379 per
512 3319 698 3379 consequens
721 3320 775 3379 per
797 3299 988 3360 addicionem
1010 3300 1122 3380 impuri
1146 3303 1188 3362 ad
1213 3325 1297 3384 puru

368 3467 382 3506 s
399 3488 437 3534 cp.
456 3471 529 3518 above
543 3487 570 3534 p.
589 3473 638 3519 497

229 3622 250 3653 ²⁶
268 3621 521 3693 propoaicionemOfl
555 3623 770 3689 propositumAa
841 3622 864 3652 ²⁷
882 3625 956 3675 discr.
974 3625 1172 3687 lacaedemone
1190 3644 1289 3680 acon.

161 3714 208 3777 (oy
220 3710 267 3782 β’)
319 3709 341 3739 ²⁸
360 3708 524 3779 maguaCass
553 3713 709 3776 magnaura
762 3707 784 3737 ²⁹
796 3712 965 3776 approbatam
975 3707 1020 3780 Αβ
1048 3711 1197 3776 approbata
1207 3716 1249 3766 Ca

161 3803 187 3847 A
204 3802 226 3847 ia
244 3799 302 3846 add.
320 3798 394 3846 deloco
413 3797 515 3847 thecel.
534 3793 610 3847 969⁶:
637 3796 706 3845 Nota
728 3794 761 3845 de
783 3796 901 3862 quolibet
922 3796 1035 3846 dominio
1053 3795 1179 3861 seculari,
1198 3807 1293 3865 potest

161 3885 304 3934 dominium
322 3883 519 3949 proprietarium
537 3882 726 3948 euangelicum
744 3897 792 3947 per
808 3882 870 3932 mali
886 3883 1081 3948 separacionem
1091 3879 1127 3937 Α
1210 3882 1236 3914 ⁸¹
1255 3903 1295 3939 sa„

195 3970 460 4031 beatus(ad.)su.0
542 3963 566 3994 ⁸²
583 3964 704 4036 autdop‘l
739 3973 766 4017 et
776 3968 854 4029 (ud.)
871 3968 944 4017 aleae
955 3970 977 4017 it
993 3969 1070 4018 autO
1135 3965 1161 3996 ⁸⁸
1179 3972 1295 4024 assimili

195 4056 302 4122 speciali
313 4054 338 4125 β,
352 4056 426 4104 aloes
437 4056 458 4103 a
469 4048 674 4122 assuuiliaeas3¹
717 4049 740 4080 ⁸⁴
757 4052 864 4123 sitAQi
898 4053 958 4105 fita
1009 4049 1033 4080 ⁸³
1050 4053 1083 4104 de
1101 4054 1158 4105 reli
1171 4058 1209 4108 Co
1241 4059 1296 4111 deb

196 4143 229 4192 de
247 4143 302 4191 vita
314 4140 332 4211 β
409 4137 431 4166 ³⁸
449 4156 543 4204 purum
552 4140 601 4188 AO
643 4139 764 4205 inpurum
783 4146 831 4190 etc.
845 4160 862 4191 α
910 4140 1031 4206 inpurum
1043 4138 1069 4207 (l,
1093 4140 1135 4189 bus
1153 4141 1181 4190 in
1204 4143 1233 4192 in
1252 4146 1296 4195 bro

162 4226 296 4298 (baffi)
