3082 5024
563 1377 808 1441 JOHANNIS
835 1378 997 1443 WICLIF

184 1585 260 1655 ns
284 1585 744 1659 annumeramus
766 1589 1002 1662 buosen
1028 1590 1371 1664 nonrrnoann
1396 1576 1404 1695 t

714 2001 801 2059 CAP.
825 2001 848 2060 I.

10 2166 20 2219 ΙΙ
35 2166 175 2262 Αἷξπζθζψ
264 2178 276 2241 ΙΙ
292 2171 379 2233 Sicut
401 2179 546 2230 estuans
568 2190 657 2231 verus
679 2181 710 2231 et
737 2191 871 2231 summus
899 2171 1040 2231 dominus
1064 2173 1096 2232 in
1120 2172 1194 2234 celis
1216 2171 1358 2252 reisideus,

183 2275 233 2354 qui
257 2283 303 2333 est
324 2274 444 2334 trinitas
471 2274 618 2346 increata,
652 2274 694 2334 sic
723 2283 769 2334 est
790 2294 868 2333 unus
888 2271 893 2353 Ι
912 2273 1008 2335 falsus
1031 2284 1061 2335 et
1082 2275 1205 2336 iniimus
1227 2276 1359 2349 dominus,
1402 2270 1404 2341 f

184 2377 234 2456 qui
257 2387 302 2437 est
324 2377 433 2437 sathan
456 2376 591 2437 residens
611 2375 615 2456 Ι
634 2378 665 2437 in
693 2377 811 2457 abysse.
856 2377 937 2438 Nam
959 2376 1034 2438 fides
1057 2378 1206 2457 scripture
1227 2379 1289 2440 Ich.
1310 2382 1362 2438 14⁸
1401 2366 1404 2427 j

184 2490 275 2540 vocat
302 2501 370 2540 cum
402 2481 569 2558 principem
599 2480 687 2540 huius
709 2480 830 2553 mundi,
855 2490 886 2540 et
907 2479 963 2540 ch
986 2474 1059 2541 412’:
1083 2501 1138 2541 rex
1161 2503 1252 2561 super
1271 2496 1366 2542 omnes

184 2582 260 2642 tilios
283 2583 433 2660 superbie.
484 2582 527 2643 Et
547 2584 626 2644 sicut
646 2583 789 2662 princeps
817 2582 865 2643 vel
892 2604 947 2643 rex
969 2583 1042 2645 licet
1068 2583 1146 2645 false
1173 2576 1404 2664 nuncupatus*

185 2686 228 2746 sic
252 2695 351 2764 potest
373 2687 412 2746 ad
435 2707 555 2747 sensum
579 2687 707 2746 similem
731 2686 870 2747 dominus
892 2687 1072 2765 nuncupari.

270 2788 399 2849 Habent
421 2800 523 2849 autem
551 2789 593 2848 hii
616 2789 676 2849 duc
699 2789 813 2849 domini
840 2789 940 2867 legem
968 2789 1135 2868 duplicem,
1168 2789 1307 2851 membru.
1337 2788 1381 2848 du

186 2893 277 2970 plicia
299 2912 352 2951 seu
375 2901 521 2952 tenentes.
567 2892 633 2953 Lex
657 2902 758 2953 autem
782 2892 831 2953 dei
854 2902 884 2953 et
899 2892 1037 2953 membra
1054 2913 1108 2953 seu
1132 2904 1264 2954 tenentes
1281 2887 1387 2954 Crtru'

186 3004 256 3055 sunt
278 2995 328 3053 lex
351 2996 499 3073 scripture
526 3005 557 3055 et
578 2996 777 3074 predestinati
799 2985 839 3056 ad
861 2995 1003 3073 gloriarm
1036 2996 1091 3056 sed
1121 2997 1172 3057 lex
1199 2994 1345 3076 dyaboli
1370 3002 1392 3056 et

185 3097 322 3157 membra
345 3119 400 3157 sua
422 3108 493 3158 sunt
514 3099 565 3159 lex
588 3099 735 3176 scripture
751 3099 904 3159 centraria
926 3107 957 3158 et
974 3099 1096 3177 presciti
1114 3099 1154 3159 ad
1169 3117 1320 3179 poenam
1336 3119 1397 3189 per

185 3210 318 3279 petuam.

271 3304 313 3364 Et
335 3304 413 3364 sicut
435 3305 476 3364 bii
500 3305 613 3365 domini
629 3316 700 3366 sunt
714 3304 900 3365 condicionis
923 3305 1082 3378 contrarie,
1106 3305 1149 3365 sic
1172 3304 1248 3383 leges
1287 3318 1404 3384 <mnu

186 3417 217 3467 et
239 3429 294 3467 sua
317 3428 444 3485 corpora
466 3408 529 3467 sive
552 3409 698 3468 mambra.
744 3407 805 3468 Sed
837 3429 906 3467 cum
936 3412 1036 3487 ‘super
1063 3409 1166 3469 omnia
1187 3405 1335 3483 rinch¹
1366 3422 1404 3479 ret

186 3510 255 3582 tas’‚
289 3531 412 3570 necesse
438 3521 483 3570 est
504 3511 636 3588 primurn
660 3532 764 3571 verum
787 3510 943 3571 dominum
966 3510 1134 3571 secundum
1155 3510 1399 3594 putativw

186 3612 296 3673 falsum
320 3634 388 3672 curn
412 3614 472 3673 suis
496 3614 684 3693 appendiciis
705 3634 858 3692 superare.
903 3613 946 3674 Et
967 3615 1010 3674 sic
1037 3634 1161 3675 necesse
1190 3622 1252 3675 est
1277 3672 1307 3700 ,
1371 3614 1404 3691 gni

187 3737 279 3775 unum
308 3737 371 3775 csse
395 3716 559 3788 (icrninum,
585 3718 635 3797 qui
658 3717 696 3777 dc
719 3718 842 3778 dominc
864 3717 1010 3796 superiori
1034 3738 1094 3777 non
1117 3722 1234 3777 teneat
1250 3772 1281 3800 s
1364 3743 1394 3801 et

186 3818 402 3897 pnrcinnaliter
424 3819 587 3879 dicendum
610 3830 656 3880 est
677 3820 716 3880 de
738 3841 794 3879 sua
815 3819 933 3880 familia
955 3828 1046 3898 atque
1068 3820 1145 3898 lege.

272 3921 379 3981 Habet
400 3932 502 3982 autern
526 3923 575 3982 lex
599 3924 746 4001 scripture
779 3931 809 3983 et
840 3944 893 4001 per
915 3943 1103 4002 consequens
1129 3936 1393 4018 mdxxxW

187 4044 300 4102 paucos
332 4026 465 4085 tautcres
495 4026 586 4087 bodie
617 4027 666 4086 vel
702 4034 848 4086 tenentes.
901 4026 969 4085 Lex
1000 4036 1102 4086 autem
1134 4025 1398 4122 &23pr

402 4232 477 4280 CAI'.
498 4232 520 4280 I.
555 4235 567 4256 ‘⁸
584 4249 604 4278 n.
618 4235 651 4281 30
720 4226 731 4256 ὁ
749 4248 768 4278 u.
782 4233 814 4279 95
