3082 5024
235 122 295 178 710
654 116 846 166 Jonnrrrrrs
868 118 1009 175 Wrorrr,
1272 115 1343 185 pap,
1365 118 1434 176 rm
1502 139 1534 183 ἓ.

232 298 318 367 patet
339 289 377 349 de
399 287 490 348 Petro
513 299 544 349 et
565 289 672 349 ceteris
694 298 725 349 et
746 290 936 367 generaliter,
958 300 994 351 ut
1011 300 1098 370 patet
1116 291 1155 352 de
1169 291 1317 352 fidelibus
1338 312 1427 357 sacer
1489 306 1512 362 ³.-

233 390 354 452 dotibus
385 400 500 451 sectam
530 411 616 451 suern
645 411 722 471 pure
744 391 931 464 tenentibus,
964 414 983 453 a
1014 415 1075 474 qua
1096 395 1198 456 vocali
1221 395 1424 462 nominatione

232 505 314 555 secte
329 506 460 575 quatuor
474 494 595 572 cognite
611 504 682 554 sunt
701 505 852 574 exempta.
890 496 965 557 Ideo
981 497 1067 558 vivat
1089 497 1233 559 sacerdos
1255 497 1321 576 legi
1342 496 1422 562 Criu
1528 543 1530 550 ι

233 597 441 669 conformiter,
475 606 506 657 et
536 598 634 657 audeo
666 597 781 669 dicere,
816 599 897 677 quod
918 599 950 658 in
973 598 1074 660 verbis
1097 599 1263 680 applicatis
1285 603 1420 681 apostolis
1504 579 1524 585 ’-

232 708 345 760 statum
368 721 456 759 suum
473 699 599 772 Oristus,
622 700 695 760 licet
717 701 908 778 generaliter,
932 702 1086 763 limitavit.
1486 714 1499 721 '

318 803 460 863 Doceant
492 824 564 881 ergo
587 803 710 874 fratres,
734 804 901 864 secundum
924 824 1076 884 ysagogas
1098 803 1240 865 Porfirii⁰
1261 805 1313 866 vel
1336 816 1418 868 arten
1527 872 1530 877 ,

232 927 318 966 suam
341 906 608 984 nigromantiam,
633 907 714 985 quod
737 905 855 968 Cristus
877 917 991 969 statum
1015 929 1102 968 suum
1126 907 1302 988 aliqualiter
1323 928 1417 988 appro

232 1008 326 1081 bavit,
351 1022 381 1069 et
403 1020 475 1069 tunc
499 1010 536 1068 de
560 1017 645 1068 tanto
668 1018 699 1069 et
720 1030 781 1069 non
804 1011 935 1090 amplius
958 1021 1029 1071 sunt
1050 1010 1211 1071 fundandi.
1501 1079 1521 1087 ‚

317 1113 391 1173 Ideo
414 1110 596 1172 erubescant
617 1097 831 1189 nigromantici
858 1134 986 1192 arguere
1013 1113 1104 1194 quod,
1134 1123 1233 1174 status
1254 1114 1415 1176 individuus
1486 1126 1539 1185 ᾖ,

232 1216 398 1276 sacerdotis
421 1236 482 1274 non
496 1214 566 1294 plus
582 1234 672 1294 quam
688 1225 785 1275 status
801 1216 952 1294 generalis
970 1216 1105 1293 religiosi
1126 1216 1216 1277 hodie
1239 1217 1429 1278 introductus
1446 1242 1447 1248 ¹
1495 1274 1504 1286 ,
1521 1255 1527 1259 -

232 1328 279 1379 cst
304 1339 323 1378 a
351 1319 473 1378 domino
505 1316 705 1397 approbatae,
739 1319 810 1397 quia
841 1320 1015 1380 sacerdotes
1044 1321 1154 1380 docere
1184 1330 1327 1398 possunt,
1357 1337 1414 1398 quo

232 1422 322 1482 modo
344 1430 442 1481 status
465 1441 536 1480 suus
565 1420 730 1496 generalis,
762 1421 835 1482 licet
855 1422 888 1481 in
915 1421 1018 1482 multis
1047 1423 1234 1500 degenerent
1256 1443 1275 1483 a
1298 1422 1413 1488 domino,
1481 1454 1483 1459 ,
1540 1467 1541 1482 2

232 1522 433 1602 approbatur,
467 1524 520 1583 ssd
548 1524 605 1583 iste
633 1535 714 1583 secte
737 1506 792 1584 nec
815 1535 942 1602 possunt
967 1524 1127 1586 individua
1149 1545 1206 1586 nec
1229 1545 1342 1604 genera
1362 1540 1415 1584 suo
1497 1534 1514 1543 ““

231 1646 299 1685 rum
321 1634 455 1685 statuum
477 1626 624 1686 invenire.
1488 1631 1494 1639 ’

316 1728 391 1788 Ideo
413 1728 520 1788 dicunt
542 1728 680 1808 quidam,
712 1730 793 1810 quod
820 1727 937 1789 Cristus
969 1750 1136 1810 numquam
1168 1730 1352 1808 generaliter
1376 1722 1452 1785 valli
1483 1761 1496 1784 ι

231 1831 405 1909 specialiter
427 1832 464 1892 de
487 1832 560 1910 ipsis
583 1832 711 1892 recoluit
733 1832 789 1892 nisi
812 1832 890 1892 forte
909 1832 1104 1911 reprobative
1127 1853 1165 1893 ex
1188 1834 1256 1907 hoc,
1280 1833 1360 1914 quod
1384 1834 1428 1889 ast
1529 1885 1531 1889 ,

231 1934 421 2005 omnisciens,
445 1956 514 1994 oum
537 1935 648 1995 Matth.
674 1938 735 1996 251²
757 1936 788 1995 in
810 1936 909 1996 forma
939 1936 1095 1996 fatuarum
1123 1937 1273 2015 virginem
1296 1929 1433 2014 deipsis
1527 1986 1541 1991 μ

229 2037 376 2116 loquitur:
401 2058 490 2097 amen
510 2039 579 2098 dico
603 2037 699 2109 vobis,
724 2038 826 2098 nescio
848 2058 912 2098 vos

315 2139 380 2201 Ista
402 2161 503 2218 pauca
524 2141 700 2201 nunciative
723 2141 862 2212 dixerim,
886 2150 920 2200 ut
941 2140 1055 2202 veritas
1078 2141 1231 2221 scripture
1258 2141 1447 2203 occasiona-
1527 2167 1541 2195 a

127 2291 129 2296 .
229 2243 299 2304 liter
320 2243 389 2321 plns
412 2243 557 2304 lucescat.

725 2484 815 2542 CAP.
847 2483 927 2543 VIII.

315 2652 366 2712 Ex
387 2653 452 2713 istis
474 2652 628 2730 colligitur
656 2654 793 2713 condicio
824 2653 952 2714 istarum
980 2674 1131 2714 novarum
1161 2664 1321 2723 sectarum,
1436 2667 1487 2728 cuffl

229 2768 386 2837 tamquam
408 2757 490 2816 fures
518 2756 695 2816 abscondite
717 2757 750 2815 in
772 2756 933 2817 ecclesiam
960 2757 1133 2817 introducto
1154 2757 1388 2837 impugnant
1440 2757 1493 2829 fide

228 2861 273 2920 les
295 2860 440 2940 precipue
462 2859 500 2918 de
522 2859 633 2931 heresi,
663 2860 742 2920 sicut
762 2858 931 2920 latrunculi
956 2859 988 2919 in
1010 2858 1152 2921 noctibus
1176 2861 1428 2939 imponunt,
1445 2857 1500 2929 fids

229 2961 318 3035 libus,
342 2962 423 3042 quod
438 2961 477 3021 ab
501 2962 544 3022 eis
566 2961 644 3022 tales
664 2961 777 3040 cogniti
800 2971 871 3022 sunt
892 2961 1035 3023 latrones.
1080 2961 1218 3025 Maniaci
1240 2959 1455 3044 quithm
1471 2971 1505 3018 rt

231 3074 341 3145 putant
363 3065 438 3125 alios
461 3085 527 3125 csse
549 3064 636 3124 tales.

56 3167 215 3218 ,lassum
313 3168 442 3228 Ducunt
463 3178 566 3227 autern
598 3187 637 3227 ex
661 3187 717 3227 sua
740 3167 844 3228 mania
875 3167 1099 3246 nigromantiae
1124 3167 1250 3247 plebeos
1278 3167 1404 3238 in
1435 3148 1517 3234 huoi

228 3271 371 3342 heresim,
404 3271 485 3349 quod
517 3269 568 3329 lex
588 3268 681 3330 Cristi
709 3279 754 3329 est
775 3269 855 3330 falsa
882 3270 975 3330 etad
1002 3269 1139 3347 regimen
1166 3268 1388 3338 ecclesiQ
1421 3255 1520 3340 insuffi·

229 3375 320 3445 ciens,
345 3365 402 3433 nisi
425 3373 506 3451 quod
521 3392 577 3452 per
591 3373 672 3450 ipsos
695 3380 726 3432 et
740 3393 828 3432 suum
844 3373 980 3451 regimen
997 3382 1044 3433 est
1057 3372 1173 3433 adiuta.
1214 3371 1254 3431 Et
1328 3379 1445 3447 {sm
1463 3374 1523 3429 cum

1517 3045 1529 3094 l

228 3477 290 3537 suis
312 3475 508 3555 sequentibus
531 3484 577 3535 est
598 3475 713 3535 heresis
735 3474 908 3535 manifesta.
933 3508 973 3517 -

314 3579 432 3638 Dicunt
453 3578 601 3650 secundo,
626 3577 707 3658 quod
728 3577 835 3655 religio
857 3598 935 3657 pura
959 3576 1052 3638 Cristi
1073 3597 1136 3637 non
1157 3585 1205 3638 est
1224 3575 1400 3660 ἤϊξε
1415 3572 1535 3668 perfeci*

229 3682 308 3742 sicut
322 3680 428 3758 religio
444 3701 509 3752 sua,
532 3680 725 3759 intempore,
741 3700 801 3760 quo
817 3679 934 3740 solutus
949 3689 996 3740 est
1010 3679 1166 3752 sathanas,
1186 3686 1499 3766 mertoatt

443 3889 453 3911 ⁰
472 3901 509 3947 cp.
528 3885 602 3933 above
619 3900 674 3947 cap.
698 3883 740 3931 VI
754 3888 840 3932 noter
907 3887 960 3932 ¹³0.
975 3887 1006 3933 12
