<?xml version="1.0" encoding="UTF-8"?>
<!DOCTYPE html PUBLIC "-//W3C//DTD XHTML 1.0 Transitional//EN"
    "http://www.w3.org/TR/xhtml1/DTD/xhtml1-transitional.dtd">
<html xmlns="http://www.w3.org/1999/xhtml" xml:lang="en" lang="en">
 <head>
  <title>
</title>
<meta http-equiv="Content-Type" content="text/html;charset=utf-8" />
  <meta name='ocr-system' content='tesseract 3.04.00' />
  <meta name='ocr-capabilities' content='ocr_page ocr_carea ocr_par ocr_line ocrx_word'/>
</head>
<body>
  <div class='ocr_page' id='page_1' title='image "./johnwiclifspole00wyclgoog/johnwiclifspole00wyclgoog_0163.png"; bbox 0 0 3082 5024; ppageno 0'>
   <div class='ocr_carea' id='block_1_1' title="bbox 584 449 941 506">
    <p class='ocr_par' dir='ltr' id='par_1_1' title="bbox 584 449 941 506">
     <span class='ocr_line' id='line_1_1' title="bbox 584 449 941 506; baseline 0.006 -10"><span class='ocrx_word' id='word_1_1' title='bbox 584 449 776 498; x_wconf 80' lang='lat' dir='ltr'><em>JOHANNIS</em></span> <span class='ocrx_word' id='word_1_2' title='bbox 800 449 941 506; x_wconf 79' lang='lat' dir='ltr'><strong><em>WICLIF,</em></strong></span> 
     </span>
    </p>
   </div>
   <div class='ocr_carea' id='block_1_2' title="bbox 685 710 851 769">
    <p class='ocr_par' dir='ltr' id='par_1_2' title="bbox 685 710 851 769">
     <span class='ocr_line' id='line_1_2' title="bbox 685 710 851 769; baseline -0.006 -2"><span class='ocrx_word' id='word_1_3' title='bbox 685 710 772 768; x_wconf 70' lang='lat' dir='ltr'><em>CAP.</em></span> <span class='ocrx_word' id='word_1_4' title='bbox 795 710 814 769; x_wconf 91' lang='lat' dir='ltr'><em>I</em></span> <span class='ocrx_word' id='word_1_5' title='bbox 819 710 851 767; x_wconf 90' lang='lat' dir='ltr'><strong>V.</strong></span> 
     </span>
    </p>
   </div>
   <div class='ocr_carea' id='block_1_3' title="bbox 165 859 1308 3209">
    <p class='ocr_par' dir='ltr' id='par_1_3' title="bbox 166 859 1307 1560">
     <span class='ocr_line' id='line_1_3' title="bbox 254 859 1306 940; baseline 0.002 -19"><span class='ocrx_word' id='word_1_6' title='bbox 254 863 395 921; x_wconf 75' lang='lat' dir='ltr'><strong>Seeuudo</strong></span> <span class='ocrx_word' id='word_1_7' title='bbox 419 863 528 922; x_wconf 63' lang='lat' dir='ltr'><strong>medea</strong></span> <span class='ocrx_word' id='word_1_8' title='bbox 550 859 669 940; x_wconf 71' lang='lat' dir='ltr'><strong>arguitl</strong></span> <span class='ocrx_word' id='word_1_9' title='bbox 692 864 731 922; x_wconf 87' lang='lat' dir='ltr'><strong>ad</strong></span> <span class='ocrx_word' id='word_1_10' title='bbox 755 863 977 922; x_wconf 85' lang='lat' dir='ltr'><strong>exaltacionem</strong></span> <span class='ocrx_word' id='word_1_11' title='bbox 1000 862 1045 920; x_wconf 92' lang='lat' dir='ltr'><strong>sui</strong></span> <span class='ocrx_word' id='word_1_12' title='bbox 1063 862 1179 921; x_wconf 80' lang='lat' dir='ltr'>ordinis</span> <span class='ocrx_word' id='word_1_13' title='bbox 1195 863 1251 923; x_wconf 88' lang='lat' dir='ltr'><strong>isto</strong></span> <span class='ocrx_word' id='word_1_14' title='bbox 1267 882 1306 923; x_wconf 87' lang='lat' dir='ltr'><strong>mo</strong></span> 
     </span>
     <span class='ocr_line' id='line_1_4' title="bbox 169 961 1306 1045; baseline 0.001 -22"><span class='ocrx_word' id='word_1_15' title='bbox 169 963 325 1024; x_wconf 81' lang='lat' dir='ltr'>beatitudo</span> <span class='ocrx_word' id='word_1_16' title='bbox 348 961 511 1025; x_wconf 81' lang='lat' dir='ltr'><strong>intensior²</strong></span> <span class='ocrx_word' id='word_1_17' title='bbox 533 976 606 1025; x_wconf 86' lang='lat' dir='ltr'><strong>nata</strong></span> <span class='ocrx_word' id='word_1_18' title='bbox 628 977 673 1027; x_wconf 91' lang='lat' dir='ltr'><strong>est</strong></span> <span class='ocrx_word' id='word_1_19' title='bbox 695 967 782 1042; x_wconf 82' lang='lat' dir='ltr'><strong>argui</strong></span> <span class='ocrx_word' id='word_1_20' title='bbox 804 986 858 1045; x_wconf 87' lang='lat' dir='ltr'><strong>per</strong></span> <span class='ocrx_word' id='word_1_21' title='bbox 880 964 1058 1025; x_wconf 89' lang='lat' dir='ltr'><strong>esseneialia</strong></span> <span class='ocrx_word' id='word_1_22' title='bbox 1078 965 1199 1043; x_wconf 86' lang='lat' dir='ltr'><strong>private</strong></span> <span class='ocrx_word' id='word_1_23' title='bbox 1221 965 1306 1044; x_wconf 75' lang='lat' dir='ltr'><strong>religit</strong></span> 
     </span>
     <span class='ocr_line' id='line_1_5' title="bbox 169 1068 1307 1148; baseline 0.004 -24"><span class='ocrx_word' id='word_1_24' title='bbox 169 1088 258 1147; x_wconf 89' lang='lat' dir='ltr'><strong>quam</strong></span> <span class='ocrx_word' id='word_1_25' title='bbox 291 1089 345 1147; x_wconf 89' lang='lat' dir='ltr'><strong>per</strong></span> <span class='ocrx_word' id='word_1_26' title='bbox 376 1069 553 1129; x_wconf 83' lang='lat' dir='ltr'><strong>esseueialia</strong></span> <span class='ocrx_word' id='word_1_27' title='bbox 583 1070 750 1129; x_wconf 85' lang='lat' dir='ltr'><strong>communis</strong></span> <span class='ocrx_word' id='word_1_28' title='bbox 783 1068 947 1146; x_wconf 70' lang='lat' dir='ltr'><strong>religionis,</strong></span> <span class='ocrx_word' id='word_1_29' title='bbox 980 1088 1052 1146; x_wconf 80' lang='lat' dir='ltr'><strong>ergo</strong></span> <span class='ocrx_word' id='word_1_30' title='bbox 1085 1068 1208 1145; x_wconf 87' lang='lat' dir='ltr'><strong>privata</strong></span> <span class='ocrx_word' id='word_1_31' title='bbox 1238 1077 1307 1148; x_wconf 76' lang='lat' dir='ltr'><strong>est]</strong></span> 
     </span>
     <span class='ocr_line' id='line_1_6' title="bbox 168 1163 1306 1251; baseline 0.002 -23"><span class='ocrx_word' id='word_1_32' title='bbox 168 1171 280 1229; x_wconf 72' lang='lat' dir='ltr'><strong>terrcior</strong></span> <span class='ocrx_word' id='word_1_33' title='bbox 311 1163 402 1251; x_wconf 76' lang='lat' dir='ltr'><strong>qutun</strong></span> <span class='ocrx_word' id='word_1_34' title='bbox 426 1173 602 1231; x_wconf 85' lang='lat' dir='ltr'><strong>eommunis.</strong></span> <span class='ocrx_word' id='word_1_35' title='bbox 648 1171 811 1244; x_wconf 75' lang='lat' dir='ltr'><strong>Medicina,</strong></span> <span class='ocrx_word' id='word_1_36' title='bbox 839 1172 945 1251; x_wconf 85' lang='lat' dir='ltr'><strong>inquit,</strong></span> <span class='ocrx_word' id='word_1_37' title='bbox 978 1180 1022 1231; x_wconf 89' lang='lat' dir='ltr'><strong>est</strong></span> <span class='ocrx_word' id='word_1_38' title='bbox 1054 1170 1172 1251; x_wconf 88' lang='lat' dir='ltr'><strong>reliqua</strong></span> <span class='ocrx_word' id='word_1_39' title='bbox 1194 1171 1306 1250; x_wconf 83' lang='lat' dir='ltr'><strong>perfeee</strong></span> 
     </span>
     <span class='ocr_line' id='line_1_7' title="bbox 170 1273 1306 1354; baseline 0.001 -21"><span class='ocrx_word' id='word_1_40' title='bbox 170 1295 335 1354; x_wconf 90' lang='lat' dir='ltr'><strong>perquam</strong></span> <span class='ocrx_word' id='word_1_41' title='bbox 359 1284 432 1334; x_wconf 92' lang='lat' dir='ltr'><strong>nata</strong></span> <span class='ocrx_word' id='word_1_42' title='bbox 454 1284 499 1333; x_wconf 86' lang='lat' dir='ltr'><strong>est</strong></span> <span class='ocrx_word' id='word_1_43' title='bbox 522 1275 636 1354; x_wconf 77' lang='lat' dir='ltr'><strong>rreqrriri</strong></span> <span class='ocrx_word' id='word_1_44' title='bbox 659 1296 713 1353; x_wconf 87' lang='lat' dir='ltr'><strong>per</strong></span> <span class='ocrx_word' id='word_1_45' title='bbox 735 1296 766 1334; x_wconf 89' lang='lat' dir='ltr'><strong>se</strong></span> <span class='ocrx_word' id='word_1_46' title='bbox 789 1275 903 1335; x_wconf 76' lang='lat' dir='ltr'><strong>sanitas</strong></span> <span class='ocrx_word' id='word_1_47' title='bbox 925 1274 1079 1334; x_wconf 90' lang='lat' dir='ltr'><strong>intensior.</strong></span> <span class='ocrx_word' id='word_1_48' title='bbox 1114 1273 1177 1334; x_wconf 83' lang='lat' dir='ltr'><strong>Sed</strong></span> <span class='ocrx_word' id='word_1_49' title='bbox 1200 1275 1306 1353; x_wconf 87' lang='lat' dir='ltr'><strong>opposit</strong></span> 
     </span>
     <span class='ocr_line' id='line_1_8' title="bbox 166 1376 1306 1458; baseline 0.002 -23"><span class='ocrx_word' id='word_1_50' title='bbox 166 1376 267 1438; x_wconf 80' lang='lat' dir='ltr'><strong>illius³</strong></span> <span class='ocrx_word' id='word_1_51' title='bbox 299 1379 422 1454; x_wconf 76' lang='lat' dir='ltr'><strong>argueie</strong></span> <span class='ocrx_word' id='word_1_52' title='bbox 454 1378 563 1437; x_wconf 85' lang='lat' dir='ltr'><strong>dieitur</strong></span> <span class='ocrx_word' id='word_1_53' title='bbox 595 1398 659 1437; x_wconf 87' lang='lat' dir='ltr'><strong>esse</strong></span> <span class='ocrx_word' id='word_1_54' title='bbox 690 1389 759 1457; x_wconf 90' lang='lat' dir='ltr'><strong>post</strong></span> <span class='ocrx_word' id='word_1_55' title='bbox 790 1378 947 1458; x_wconf 80' lang='lat' dir='ltr'>crapulam</span> <span class='ocrx_word' id='word_1_56' title='bbox 970 1386 1000 1436; x_wconf 90' lang='lat' dir='ltr'><strong>et</strong></span> <span class='ocrx_word' id='word_1_57' title='bbox 1026 1376 1207 1437; x_wconf 86' lang='lat' dir='ltr'><strong>ebrietatem</strong></span> <span class='ocrx_word' id='word_1_58' title='bbox 1231 1397 1306 1437; x_wconf 83' lang='lat' dir='ltr'><strong>mens</strong></span> 
     </span>
     <span class='ocr_line' id='line_1_9' title="bbox 167 1482 380 1560; baseline -0.009 -19"><span class='ocrx_word' id='word_1_59' title='bbox 167 1482 380 1560; x_wconf 89' lang='lat' dir='ltr'><strong>sompniatum.</strong></span> 
     </span>
    </p>

    <p class='ocr_par' dir='ltr' id='par_1_4' title="bbox 166 1584 1306 2075">
     <span class='ocr_line' id='line_1_10' title="bbox 257 1584 1306 1664; baseline 0.001 -20"><span class='ocrx_word' id='word_1_60' title='bbox 257 1584 357 1644; x_wconf 91' lang='lat' dir='ltr'><strong>Unum</strong></span> <span class='ocrx_word' id='word_1_61' title='bbox 381 1585 575 1657; x_wconf 73' lang='lat' dir='ltr'><strong>tamensem,</strong></span> <span class='ocrx_word' id='word_1_62' title='bbox 608 1586 687 1664; x_wconf 90' lang='lat' dir='ltr'><strong>quod</strong></span> <span class='ocrx_word' id='word_1_63' title='bbox 718 1586 792 1646; x_wconf 87' lang='lat' dir='ltr'><strong>talia</strong></span> <span class='ocrx_word' id='word_1_64' title='bbox 814 1585 952 1663; x_wconf 78' lang='lat' dir='ltr'><strong>sompnia</strong></span> <span class='ocrx_word' id='word_1_65' title='bbox 974 1604 1033 1642; x_wconf 92' lang='lat' dir='ltr'><strong>non</strong></span> <span class='ocrx_word' id='word_1_66' title='bbox 1057 1585 1222 1663; x_wconf 78' lang='lat' dir='ltr'><strong>acquirunt</strong></span> <span class='ocrx_word' id='word_1_67' title='bbox 1243 1584 1306 1645; x_wconf 87' lang='lat' dir='ltr'><strong>beat</strong></span> 
     </span>
     <span class='ocr_line' id='line_1_11' title="bbox 170 1685 1295 1766; baseline 0.002 -20"><span class='ocrx_word' id='word_1_68' title='bbox 170 1689 280 1758; x_wconf 87' lang='lat' dir='ltr'><strong>dinem,</strong></span> <span class='ocrx_word' id='word_1_69' title='bbox 314 1687 366 1746; x_wconf 90' lang='lat' dir='ltr'><strong>sed</strong></span> <span class='ocrx_word' id='word_1_70' title='bbox 394 1688 497 1765; x_wconf 83' lang='lat' dir='ltr'><strong>pocius</strong></span> <span class='ocrx_word' id='word_1_71' title='bbox 520 1687 703 1766; x_wconf 82' lang='lat' dir='ltr'><strong>precipitaat</strong></span> <span class='ocrx_word' id='word_1_72' title='bbox 734 1689 773 1748; x_wconf 91' lang='lat' dir='ltr'><strong>ad</strong></span> <span class='ocrx_word' id='word_1_73' title='bbox 796 1688 956 1747; x_wconf 82' lang='lat' dir='ltr'><strong>infernum.</strong></span> <span class='ocrx_word' id='word_1_74' title='bbox 1003 1685 1120 1746; x_wconf 81' lang='lat' dir='ltr'><strong>Cristae</strong></span> <span class='ocrx_word' id='word_1_75' title='bbox 1153 1688 1233 1747; x_wconf 86' lang='lat' dir='ltr'><strong>enim</strong></span> <span class='ocrx_word' id='word_1_76' title='bbox 1266 1698 1295 1748; x_wconf 91' lang='lat' dir='ltr'><strong>et</strong></span> 
     </span>
     <span class='ocr_line' id='line_1_12' title="bbox 167 1789 1306 1869; baseline 0.002 -20"><span class='ocrx_word' id='word_1_77' title='bbox 167 1791 295 1869; x_wconf 87' lang='lat' dir='ltr'><strong>apostoli</strong></span> <span class='ocrx_word' id='word_1_78' title='bbox 322 1811 377 1869; x_wconf 88' lang='lat' dir='ltr'><strong>per</strong></span> <span class='ocrx_word' id='word_1_79' title='bbox 406 1790 558 1867; x_wconf 80' lang='lat' dir='ltr'><strong>religionis</strong></span> <span class='ocrx_word' id='word_1_80' title='bbox 580 1792 748 1851; x_wconf 87' lang='lat' dir='ltr'><strong>eommunis</strong></span> <span class='ocrx_word' id='word_1_81' title='bbox 771 1790 998 1850; x_wconf 85' lang='lat' dir='ltr'><strong>observanoiam</strong></span> <span class='ocrx_word' id='word_1_82' title='bbox 1022 1789 1063 1848; x_wconf 84' lang='lat' dir='ltr'><strong>ad</strong></span> <span class='ocrx_word' id='word_1_83' title='bbox 1085 1789 1281 1851; x_wconf 82' lang='lat' dir='ltr'><strong>intensiorem</strong></span> <span class='ocrx_word' id='word_1_84' title='bbox 1300 1812 1306 1868; x_wconf 62' lang='grc' dir='ltr'><strong><em>ς</em></strong></span> 
     </span>
     <span class='ocr_line' id='line_1_13' title="bbox 167 1892 1306 1973; baseline -0.001 -20"><span class='ocrx_word' id='word_1_85' title='bbox 167 1895 241 1953; x_wconf 91' lang='lat' dir='ltr'><strong>dum</strong></span> <span class='ocrx_word' id='word_1_86' title='bbox 263 1893 459 1952; x_wconf 77' lang='lat' dir='ltr'><strong>beatitudinis</strong></span> <span class='ocrx_word' id='word_1_87' title='bbox 482 1894 643 1971; x_wconf 77' lang='lat' dir='ltr'><strong>attingunt,</strong></span> <span class='ocrx_word' id='word_1_88' title='bbox 668 1914 758 1973; x_wconf 67' lang='lat' dir='ltr'><strong>(puram</strong></span> <span class='ocrx_word' id='word_1_89' title='bbox 783 1892 874 1972; x_wconf 88' lang='lat' dir='ltr'><strong>aliqui</strong></span> <span class='ocrx_word' id='word_1_90' title='bbox 899 1893 936 1952; x_wconf 85' lang='lat' dir='ltr'><strong>de</strong></span> <span class='ocrx_word' id='word_1_91' title='bbox 959 1892 1086 1971; x_wconf 88' lang='lat' dir='ltr'><strong>privatis</strong></span> <span class='ocrx_word' id='word_1_92' title='bbox 1108 1893 1269 1954; x_wconf 86' lang='lat' dir='ltr'><strong>ordinibus</strong></span> <span class='ocrx_word' id='word_1_93' title='bbox 1283 1907 1306 1954; x_wconf 87' lang='lat' dir='ltr'><strong>at</strong></span> 
     </span>
     <span class='ocr_line' id='line_1_14' title="bbox 166 1996 450 2075; baseline -0.004 -19"><span class='ocrx_word' id='word_1_94' title='bbox 166 2017 236 2075; x_wconf 78' lang='lat' dir='ltr'><strong>gere</strong></span> <span class='ocrx_word' id='word_1_95' title='bbox 259 1996 450 2055; x_wconf 83' lang='lat' dir='ltr'><strong>suffecerunt.</strong></span> 
     </span>
    </p>

    <p class='ocr_par' dir='ltr' id='par_1_5' title="bbox 165 2099 1308 2796">
     <span class='ocr_line' id='line_1_15' title="bbox 251 2099 1306 2178; baseline 0 -20"><span class='ocrx_word' id='word_1_96' title='bbox 251 2100 326 2159; x_wconf 85' lang='lat' dir='ltr'><strong>ldeo</strong></span> <span class='ocrx_word' id='word_1_97' title='bbox 357 2120 396 2158; x_wconf 84' lang='lat' dir='ltr'><strong>ex</strong></span> <span class='ocrx_word' id='word_1_98' title='bbox 424 2099 577 2159; x_wconf 77' lang='lat' dir='ltr'><strong>miraculis</strong></span> <span class='ocrx_word' id='word_1_99' title='bbox 600 2099 773 2177; x_wconf 88' lang='lat' dir='ltr'><strong>patentibus</strong></span> <span class='ocrx_word' id='word_1_100' title='bbox 796 2101 827 2159; x_wconf 91' lang='lat' dir='ltr'><strong>iu</strong></span> <span class='ocrx_word' id='word_1_101' title='bbox 850 2100 923 2170; x_wconf 91' lang='lat' dir='ltr'><strong>vita,</strong></span> <span class='ocrx_word' id='word_1_102' title='bbox 956 2119 1083 2178; x_wconf 90' lang='lat' dir='ltr'><strong>quorum</strong></span> <span class='ocrx_word' id='word_1_103' title='bbox 1107 2100 1200 2177; x_wconf 87' lang='lat' dir='ltr'><strong>pauei</strong></span> <span class='ocrx_word' id='word_1_104' title='bbox 1225 2100 1306 2161; x_wconf 82' lang='lat' dir='ltr'><strong>velr</strong></span> 
     </span>
     <span class='ocr_line' id='line_1_16' title="bbox 167 2201 1306 2280; baseline 0.001 -17"><span class='ocrx_word' id='word_1_105' title='bbox 167 2205 204 2264; x_wconf 91' lang='lat' dir='ltr'><strong>de</strong></span> <span class='ocrx_word' id='word_1_106' title='bbox 237 2204 299 2263; x_wconf 87' lang='lat' dir='ltr'><strong>istis</strong></span> <span class='ocrx_word' id='word_1_107' title='bbox 331 2202 485 2262; x_wconf 80' lang='lat' dir='ltr'><strong>ordinibus</strong></span> <span class='ocrx_word' id='word_1_108' title='bbox 517 2213 587 2263; x_wconf 91' lang='lat' dir='ltr'><strong>sunt</strong></span> <span class='ocrx_word' id='word_1_109' title='bbox 617 2202 708 2263; x_wconf 87' lang='lat' dir='ltr'><strong>beati.</strong></span> <span class='ocrx_word' id='word_1_110' title='bbox 753 2203 832 2262; x_wconf 92' lang='lat' dir='ltr'><strong>Nam</strong></span> <span class='ocrx_word' id='word_1_111' title='bbox 861 2202 978 2280; x_wconf 89' lang='lat' dir='ltr'><strong>empeio</strong></span> <span class='ocrx_word' id='word_1_112' title='bbox 1002 2201 1268 2264; x_wconf 76' lang='lat' dir='ltr'><strong>eanonizaeionis⁸</strong></span> <span class='ocrx_word' id='word_1_113' title='bbox 1291 2225 1306 2264; x_wconf 89' lang='lat' dir='ltr'><strong>a</strong></span> 
     </span>
     <span class='ocr_line' id='line_1_17' title="bbox 165 2304 1308 2384; baseline -0.002 -17"><span class='ocrx_word' id='word_1_114' title='bbox 165 2307 336 2367; x_wconf 84' lang='lat' dir='ltr'><strong>Romanam</strong></span> <span class='ocrx_word' id='word_1_115' title='bbox 353 2305 476 2364; x_wconf 76' lang='lat' dir='ltr'><strong>Curiam</strong></span> <span class='ocrx_word' id='word_1_116' title='bbox 499 2306 600 2365; x_wconf 86' lang='lat' dir='ltr'><strong>fratris</strong></span> <span class='ocrx_word' id='word_1_117' title='bbox 620 2306 667 2366; x_wconf 87' lang='lat' dir='ltr'><strong>vel</strong></span> <span class='ocrx_word' id='word_1_118' title='bbox 692 2306 832 2365; x_wconf 90' lang='lat' dir='ltr'><strong>monaehi</strong></span> <span class='ocrx_word' id='word_1_119' title='bbox 853 2327 892 2365; x_wconf 84' lang='lat' dir='ltr'><strong>ex</strong></span> <span class='ocrx_word' id='word_1_120' title='bbox 907 2305 973 2376; x_wconf 87' lang='lat' dir='ltr'><strong>hoe,</strong></span> <span class='ocrx_word' id='word_1_121' title='bbox 998 2304 1078 2384; x_wconf 89' lang='lat' dir='ltr'><strong>quod</strong></span> <span class='ocrx_word' id='word_1_122' title='bbox 1095 2304 1308 2367; x_wconf 77' lang='lat' dir='ltr'><strong>comederit⁵l</strong></span> 
     </span>
     <span class='ocr_line' id='line_1_18' title="bbox 168 2408 1306 2488; baseline 0.003 -21"><span class='ocrx_word' id='word_1_123' title='bbox 168 2410 291 2488; x_wconf 87' lang='lat' dir='ltr'><strong>prodam</strong></span> <span class='ocrx_word' id='word_1_124' title='bbox 315 2409 464 2481; x_wconf 65' lang='lat' dir='ltr'><strong>integram</strong></span> <span class='ocrx_word' id='word_1_125' title='bbox 488 2409 550 2468; x_wconf 88' lang='lat' dir='ltr'><strong>sine</strong></span> <span class='ocrx_word' id='word_1_126' title='bbox 574 2419 656 2487; x_wconf 88' lang='lat' dir='ltr'><strong>potu,</strong></span> <span class='ocrx_word' id='word_1_127' title='bbox 691 2408 737 2468; x_wconf 90' lang='lat' dir='ltr'><strong>vel</strong></span> <span class='ocrx_word' id='word_1_128' title='bbox 761 2429 800 2467; x_wconf 87' lang='lat' dir='ltr'><strong>ex</strong></span> <span class='ocrx_word' id='word_1_129' title='bbox 822 2408 889 2480; x_wconf 87' lang='lat' dir='ltr'><strong>hoe,</strong></span> <span class='ocrx_word' id='word_1_130' title='bbox 923 2408 1003 2487; x_wconf 90' lang='lat' dir='ltr'><strong>quod</strong></span> <span class='ocrx_word' id='word_1_131' title='bbox 1026 2428 1137 2486; x_wconf 89' lang='lat' dir='ltr'><strong>eorpus</strong></span> <span class='ocrx_word' id='word_1_132' title='bbox 1165 2430 1257 2470; x_wconf 83' lang='lat' dir='ltr'><strong>strum</strong></span> <span class='ocrx_word' id='word_1_133' title='bbox 1281 2432 1306 2470; x_wconf 90' lang='lat' dir='ltr'><strong>m</strong></span> 
     </span>
     <span class='ocr_line' id='line_1_19' title="bbox 167 2509 1306 2592; baseline 0.002 -21"><span class='ocrx_word' id='word_1_134' title='bbox 167 2514 309 2572; x_wconf 83' lang='lat' dir='ltr'><strong>feretrum</strong></span> <span class='ocrx_word' id='word_1_135' title='bbox 342 2512 489 2588; x_wconf 72' lang='lat' dir='ltr'><strong>agitatum</strong></span> <span class='ocrx_word' id='word_1_136' title='bbox 522 2532 541 2570; x_wconf 92' lang='lat' dir='ltr'><strong>a</strong></span> <span class='ocrx_word' id='word_1_137' title='bbox 569 2512 711 2583; x_wconf 85' lang='lat' dir='ltr'><strong>demone,</strong></span> <span class='ocrx_word' id='word_1_138' title='bbox 744 2533 813 2571; x_wconf 85' lang='lat' dir='ltr'><strong>eum</strong></span> <span class='ocrx_word' id='word_1_139' title='bbox 845 2510 991 2571; x_wconf 88' lang='lat' dir='ltr'><strong>similibus</strong></span> <span class='ocrx_word' id='word_1_140' title='bbox 1022 2509 1218 2573; x_wconf 79' lang='lat' dir='ltr'><strong>illusionibus</strong></span> <span class='ocrx_word' id='word_1_141' title='bbox 1252 2513 1306 2592; x_wconf 70' lang='lat' dir='ltr'><strong>dyz</strong></span> 
     </span>
     <span class='ocr_line' id='line_1_20' title="bbox 167 2612 1306 2693; baseline 0.004 -19"><span class='ocrx_word' id='word_1_142' title='bbox 167 2615 215 2674; x_wconf 91' lang='lat' dir='ltr'><strong>vel</strong></span> <span class='ocrx_word' id='word_1_143' title='bbox 247 2615 532 2693; x_wconf 85' lang='lat' dir='ltr'><strong>preoipitaeionibus</strong></span> <span class='ocrx_word' id='word_1_144' title='bbox 563 2615 740 2693; x_wconf 81' lang='lat' dir='ltr'><strong>sompniatis</strong></span> <span class='ocrx_word' id='word_1_145' title='bbox 770 2635 831 2673; x_wconf 88' lang='lat' dir='ltr'><strong>non</strong></span> <span class='ocrx_word' id='word_1_146' title='bbox 863 2613 1018 2673; x_wconf 80' lang='lat' dir='ltr'><strong>constituit</strong></span> <span class='ocrx_word' id='word_1_147' title='bbox 1039 2612 1166 2674; x_wconf 89' lang='lat' dir='ltr'><strong>beatum</strong></span> <span class='ocrx_word' id='word_1_148' title='bbox 1191 2617 1222 2675; x_wconf 92' lang='lat' dir='ltr'><strong>in</strong></span> <span class='ocrx_word' id='word_1_149' title='bbox 1248 2619 1306 2678; x_wconf 76' lang='lat' dir='ltr'><strong>ece]</strong></span> 
     </span>
     <span class='ocr_line' id='line_1_21' title="bbox 167 2718 381 2796; baseline -0.009 -19"><span class='ocrx_word' id='word_1_150' title='bbox 167 2718 381 2796; x_wconf 75' lang='lat' dir='ltr'><strong>triumphante.</strong></span> 
     </span>
    </p>

    <p class='ocr_par' dir='ltr' id='par_1_6' title="bbox 169 2819 1289 3002">
     <span class='ocr_line' id='line_1_22' title="bbox 252 2819 1289 2900; baseline 0.006 -22"><span class='ocrx_word' id='word_1_151' title='bbox 252 2820 325 2880; x_wconf 90' lang='lat' dir='ltr'><strong>Ideo</strong></span> <span class='ocrx_word' id='word_1_152' title='bbox 349 2819 436 2892; x_wconf 88' lang='lat' dir='ltr'><strong>absit,</strong></span> <span class='ocrx_word' id='word_1_153' title='bbox 460 2822 540 2900; x_wconf 82' lang='lat' dir='ltr'><strong>qrrod</strong></span> <span class='ocrx_word' id='word_1_154' title='bbox 564 2842 667 2881; x_wconf 88' lang='lat' dir='ltr'><strong>omnes</strong></span> <span class='ocrx_word' id='word_1_155' title='bbox 690 2820 938 2880; x_wconf 78' lang='lat' dir='ltr'><strong>earumizruiones</strong></span> <span class='ocrx_word' id='word_1_156' title='bbox 961 2819 1133 2880; x_wconf 88' lang='lat' dir='ltr'><strong>huiusmodi</strong></span> <span class='ocrx_word' id='word_1_157' title='bbox 1158 2822 1223 2882; x_wconf 89' lang='lat' dir='ltr'><strong>sint</strong></span> <span class='ocrx_word' id='word_1_158' title='bbox 1252 2834 1289 2884; x_wconf 89' lang='lat' dir='ltr'><strong>ut</strong></span> 
     </span>
     <span class='ocr_line' id='line_1_23' title="bbox 169 2920 773 3002; baseline -0.003 -18"><span class='ocrx_word' id='word_1_159' title='bbox 169 2924 231 2984; x_wconf 76' lang='lat' dir='ltr'><strong>culi</strong></span> <span class='ocrx_word' id='word_1_160' title='bbox 253 2923 323 2982; x_wconf 83' lang='lat' dir='ltr'><strong>tidei</strong></span> <span class='ocrx_word' id='word_1_161' title='bbox 346 2922 385 2982; x_wconf 88' lang='lat' dir='ltr'><strong>ab</strong></span> <span class='ocrx_word' id='word_1_162' title='bbox 408 2924 537 2983; x_wconf 77' lang='lat' dir='ltr'><strong>eeclesia</strong></span> <span class='ocrx_word' id='word_1_163' title='bbox 560 2920 773 3002; x_wconf 73' lang='lat' dir='ltr'><strong>aaeeptarrde.⁶⁴</strong></span> 
     </span>
    </p>

    <p class='ocr_par' dir='ltr' id='par_1_7' title="bbox 169 3024 1306 3209">
     <span class='ocr_line' id='line_1_24' title="bbox 254 3024 1306 3104; baseline 0.005 -20"><span class='ocrx_word' id='word_1_164' title='bbox 254 3026 360 3085; x_wconf 88' lang='lat' dir='ltr'><strong>Tereio</strong></span> <span class='ocrx_word' id='word_1_165' title='bbox 392 3027 492 3104; x_wconf 79' lang='lat' dir='ltr'><strong>arguit</strong></span> <span class='ocrx_word' id='word_1_166' title='bbox 522 3048 561 3086; x_wconf 85' lang='lat' dir='ltr'><strong>ex</strong></span> <span class='ocrx_word' id='word_1_167' title='bbox 593 3027 739 3086; x_wconf 73' lang='lat' dir='ltr'><strong>oranformi</strong></span> <span class='ocrx_word' id='word_1_168' title='bbox 771 3034 926 3104; x_wconf 91' lang='lat' dir='ltr'><strong>assumpto</strong></span> <span class='ocrx_word' id='word_1_169' title='bbox 950 3024 1070 3104; x_wconf 88' lang='lat' dir='ltr'><strong>putrido</strong></span> <span class='ocrx_word' id='word_1_170' title='bbox 1093 3047 1134 3086; x_wconf 88' lang='lat' dir='ltr'><strong>ex</strong></span> <span class='ocrx_word' id='word_1_171' title='bbox 1158 3027 1231 3101; x_wconf 81' lang='lat' dir='ltr'><strong>hoe,</strong></span> <span class='ocrx_word' id='word_1_172' title='bbox 1266 3033 1306 3092; x_wconf 86' lang='lat' dir='ltr'><strong>sei</strong></span> 
     </span>
     <span class='ocr_line' id='line_1_25' title="bbox 169 3128 1306 3209; baseline 0.009 -25"><span class='ocrx_word' id='word_1_173' title='bbox 169 3128 247 3208; x_wconf 78' lang='lat' dir='ltr'><strong>‹prrul</strong></span> <span class='ocrx_word' id='word_1_174' title='bbox 272 3129 498 3207; x_wconf 85' lang='lat' dir='ltr'><strong>impedimenta,</strong></span> <span class='ocrx_word' id='word_1_175' title='bbox 523 3151 581 3209; x_wconf 87' lang='lat' dir='ltr'><strong>que</strong></span> <span class='ocrx_word' id='word_1_176' title='bbox 603 3140 674 3189; x_wconf 89' lang='lat' dir='ltr'><strong>sunt</strong></span> <span class='ocrx_word' id='word_1_177' title='bbox 697 3129 896 3207; x_wconf 72' lang='lat' dir='ltr'><strong>impedientia</strong></span> <span class='ocrx_word' id='word_1_178' title='bbox 918 3128 1069 3188; x_wconf 89' lang='lat' dir='ltr'><strong>hominem</strong></span> <span class='ocrx_word' id='word_1_179' title='bbox 1092 3129 1124 3188; x_wconf 88' lang='lat' dir='ltr'><strong>in</strong></span> <span class='ocrx_word' id='word_1_180' title='bbox 1140 3132 1261 3193; x_wconf 86' lang='lat' dir='ltr'><strong>viando</strong></span> <span class='ocrx_word' id='word_1_181' title='bbox 1279 3156 1306 3195; x_wconf 78' lang='lat' dir='ltr'><strong>vr</strong></span> 
     </span>
    </p>
   </div>
   <div class='ocr_carea' id='block_1_4' title="bbox 168 3228 1306 3625">
    <p class='ocr_par' dir='ltr' id='par_1_8' title="bbox 168 3228 1306 3625">
     <span class='ocr_line' id='line_1_26' title="bbox 168 3228 1303 3314; baseline 0.008 -25"><span class='ocrx_word' id='word_1_182' title='bbox 168 3232 396 3303; x_wconf 85' lang='lat' dir='ltr'><strong>beatitudinem,</strong></span> <span class='ocrx_word' id='word_1_183' title='bbox 426 3233 575 3310; x_wconf 79' lang='lat' dir='ltr'><strong>copiosius.</strong></span> <span class='ocrx_word' id='word_1_184' title='bbox 610 3232 758 3291; x_wconf 87' lang='lat' dir='ltr'><strong>tolluntur</strong></span> <span class='ocrx_word' id='word_1_185' title='bbox 790 3228 858 3310; x_wconf 81' lang='lat' dir='ltr'><strong>per⁷</strong></span> <span class='ocrx_word' id='word_1_186' title='bbox 883 3231 1113 3292; x_wconf 75' lang='lat' dir='ltr'><strong>observantiam</strong></span> <span class='ocrx_word' id='word_1_187' title='bbox 1137 3234 1303 3314; x_wconf 69' lang='lat' dir='ltr'><strong>religionis</strong></span> 
     </span>
     <span class='ocr_line' id='line_1_27' title="bbox 170 3333 1306 3419; baseline 0.006 -25"><span class='ocrx_word' id='word_1_188' title='bbox 170 3347 247 3406; x_wconf 82' lang='lat' dir='ltr'><strong>vate,</strong></span> <span class='ocrx_word' id='word_1_189' title='bbox 281 3356 352 3411; x_wconf 72' lang='lat' dir='ltr'><strong>ergo</strong></span> <span class='ocrx_word' id='word_1_190' title='bbox 384 3344 440 3394; x_wconf 87' lang='lat' dir='ltr'><strong>ete.</strong></span> <span class='ocrx_word' id='word_1_191' title='bbox 486 3336 568 3395; x_wconf 90' lang='lat' dir='ltr'><strong>Nam</strong></span> <span class='ocrx_word' id='word_1_192' title='bbox 591 3336 670 3395; x_wconf 85' lang='lat' dir='ltr'><strong>istud</strong></span> <span class='ocrx_word' id='word_1_193' title='bbox 694 3348 880 3414; x_wconf 86' lang='lat' dir='ltr'><strong>assumptum</strong></span> <span class='ocrx_word' id='word_1_194' title='bbox 905 3333 1082 3412; x_wconf 88' lang='lat' dir='ltr'><strong>blaspheme</strong></span> <span class='ocrx_word' id='word_1_195' title='bbox 1107 3336 1212 3398; x_wconf 87' lang='lat' dir='ltr'><strong>innuit</strong></span> <span class='ocrx_word' id='word_1_196' title='bbox 1236 3341 1306 3419; x_wconf 70' lang='lat' dir='ltr'><strong>relig</strong></span> 
     </span>
     <span class='ocr_line' id='line_1_28' title="bbox 173 3435 1306 3517; baseline 0.007 -20"><span class='ocrx_word' id='word_1_197' title='bbox 173 3438 280 3498; x_wconf 78' lang='lat' dir='ltr'><strong>arabas</strong></span> <span class='ocrx_word' id='word_1_198' title='bbox 311 3435 398 3497; x_wconf 76' lang='lat' dir='ltr'><strong>suos⁸</strong></span> <span class='ocrx_word' id='word_1_199' title='bbox 430 3460 493 3498; x_wconf 86' lang='lat' dir='ltr'><strong>esse</strong></span> <span class='ocrx_word' id='word_1_200' title='bbox 525 3439 739 3517; x_wconf 80' lang='lat' dir='ltr'><strong>prudenciores</strong></span> <span class='ocrx_word' id='word_1_201' title='bbox 771 3459 861 3517; x_wconf 86' lang='lat' dir='ltr'><strong>quam</strong></span> <span class='ocrx_word' id='word_1_202' title='bbox 885 3438 942 3497; x_wconf 91' lang='lat' dir='ltr'><strong>fuit</strong></span> <span class='ocrx_word' id='word_1_203' title='bbox 964 3437 1105 3498; x_wconf 83' lang='lat' dir='ltr'><strong>dominus</strong></span> <span class='ocrx_word' id='word_1_204' title='bbox 1128 3439 1221 3502; x_wconf 86' lang='lat' dir='ltr'><strong>Iesus</strong></span> <span class='ocrx_word' id='word_1_205' title='bbox 1246 3443 1306 3504; x_wconf 76' lang='lat' dir='ltr'><strong>Cri:</strong></span> 
     </span>
     <span class='ocr_line' id='line_1_29' title="bbox 172 3539 1306 3625; baseline 0.007 -24"><span class='ocrx_word' id='word_1_206' title='bbox 172 3542 242 3621; x_wconf 93' lang='lat' dir='ltr'><strong>lpse</strong></span> <span class='ocrx_word' id='word_1_207' title='bbox 279 3541 357 3600; x_wconf 87' lang='lat' dir='ltr'><strong>enim</strong></span> <span class='ocrx_word' id='word_1_208' title='bbox 390 3562 450 3600; x_wconf 90' lang='lat' dir='ltr'><strong>non</strong></span> <span class='ocrx_word' id='word_1_209' title='bbox 487 3544 623 3621; x_wconf 79' lang='lat' dir='ltr'><strong>precepit</strong></span> <span class='ocrx_word' id='word_1_210' title='bbox 659 3561 728 3601; x_wconf 87' lang='lat' dir='ltr'><strong>suos</strong></span> <span class='ocrx_word' id='word_1_211' title='bbox 765 3541 946 3620; x_wconf 87' lang='lat' dir='ltr'><strong>presbiteros</strong></span> <span class='ocrx_word' id='word_1_212' title='bbox 982 3539 1097 3600; x_wconf 81' lang='lat' dir='ltr'><strong>irieludi</strong></span> <span class='ocrx_word' id='word_1_213' title='bbox 1134 3556 1306 3625; x_wconf 87' lang='lat' dir='ltr'><strong>sumptuos</strong></span> 
     </span>
    </p>
   </div>
   <div class='ocr_carea' id='block_1_5' title="bbox 383 3763 972 3828">
    <p class='ocr_par' dir='ltr' id='par_1_9' title="bbox 383 3763 972 3828">
     <span class='ocr_line' id='line_1_30' title="bbox 383 3763 972 3828; baseline 0 -18"><span class='ocrx_word' id='word_1_214' title='bbox 383 3764 458 3811; x_wconf 68' lang='lat' dir='ltr'>(MP.</span> <span class='ocrx_word' id='word_1_215' title='bbox 480 3764 529 3811; x_wconf 73' lang='lat' dir='ltr'><strong>Il&#39;.</strong></span> <span class='ocrx_word' id='word_1_216' title='bbox 563 3767 575 3789; x_wconf 78' lang='lat'>⁶</span> <span class='ocrx_word' id='word_1_217' title='bbox 594 3765 636 3827; x_wconf 82' lang='lat' dir='ltr'><strong>Cp.</strong></span> <span class='ocrx_word' id='word_1_218' title='bbox 656 3763 729 3812; x_wconf 72' lang='lat' dir='ltr'><strong>arboee</strong></span> <span class='ocrx_word' id='word_1_219' title='bbox 743 3779 770 3824; x_wconf 78' lang='lat' dir='ltr'><strong>p.</strong></span> <span class='ocrx_word' id='word_1_220' title='bbox 790 3766 840 3812; x_wconf 74' lang='grc'><strong>530</strong></span> <span class='ocrx_word' id='word_1_221' title='bbox 859 3763 876 3810; x_wconf 78' lang='lat' dir='ltr'><strong>l.</strong></span> <span class='ocrx_word' id='word_1_222' title='bbox 896 3768 928 3812; x_wconf 73' lang='lat'><strong>&#39;22’</strong></span> <span class='ocrx_word' id='word_1_223' title='bbox 941 3764 972 3828; x_wconf 69' lang='lat' dir='ltr'><strong>(s</strong></span> 
     </span>
    </p>
   </div>
   <div class='ocr_carea' id='block_1_6' title="bbox 172 3967 1306 4296">
    <p class='ocr_par' dir='ltr' id='par_1_10' title="bbox 172 3967 1306 4296">
     <span class='ocr_line' id='line_1_31' title="bbox 239 3967 1306 4031; baseline 0.001 -14"><span class='ocrx_word' id='word_1_224' title='bbox 239 3971 314 4017; x_wconf 76' lang='lat' dir='ltr'><em>CAP.</em></span> <span class='ocrx_word' id='word_1_225' title='bbox 335 3970 384 4017; x_wconf 81' lang='lat' dir='ltr'><strong>ll&#39;.</strong></span> <span class='ocrx_word' id='word_1_226' title='bbox 422 3968 521 4017; x_wconf 83' lang='lat' dir='ltr'><strong>¹1er</strong></span> <span class='ocrx_word' id='word_1_227' title='bbox 539 3972 560 4018; x_wconf 76' lang='lat' dir='ltr'><strong>ir</strong></span> <span class='ocrx_word' id='word_1_228' title='bbox 577 3971 635 4016; x_wconf 81' lang='lat' dir='ltr'><strong>add.</strong></span> <span class='ocrx_word' id='word_1_229' title='bbox 655 3971 679 4016; x_wconf 82' lang='lat' dir='ltr'><strong>ia</strong></span> <span class='ocrx_word' id='word_1_230' title='bbox 696 3986 772 4017; x_wconf 70' lang='lat' dir='ltr'><strong>arma:</strong></span> <span class='ocrx_word' id='word_1_231' title='bbox 791 3967 940 4016; x_wconf 72' lang='lat' dir='ltr'><strong>Secundum</strong></span> <span class='ocrx_word' id='word_1_232' title='bbox 953 3975 1137 4031; x_wconf 77' lang='lat' dir='ltr'><strong>argumentum</strong></span> <span class='ocrx_word' id='word_1_233' title='bbox 1150 3971 1188 4018; x_wconf 86' lang='lat' dir='ltr'><strong>D¹</strong></span> <span class='ocrx_word' id='word_1_234' title='bbox 1252 3974 1306 4026; x_wconf 71' lang='lat' dir='ltr'><strong>²in</strong></span> 
     </span>
     <span class='ocr_line' id='line_1_32' title="bbox 206 4051 1306 4115; baseline 0.005 -13"><span class='ocrx_word' id='word_1_235' title='bbox 206 4055 501 4115; x_wconf 63' lang='lat' dir='ltr'><strong>‹reserraia(ad.)iut.a</strong></span> <span class='ocrx_word' id='word_1_236' title='bbox 560 4052 704 4105; x_wconf 79' lang='lat' dir='ltr'><strong>³illiusCu</strong></span> <span class='ocrx_word' id='word_1_237' title='bbox 741 4055 844 4104; x_wconf 82' lang='lat' dir='ltr'><strong>aliasl)</strong></span> <span class='ocrx_word' id='word_1_238' title='bbox 909 4051 1112 4102; x_wconf 73' lang='lat' dir='ltr'><strong>⁴r&#39;nDr&#39;aadd.</strong></span> <span class='ocrx_word' id='word_1_239' title='bbox 1133 4059 1161 4104; x_wconf 75' lang='lat' dir='ltr'><strong>ia</strong></span> <span class='ocrx_word' id='word_1_240' title='bbox 1173 4075 1258 4111; x_wconf 62' lang='lat' dir='ltr'><strong>auen:</strong></span> <span class='ocrx_word' id='word_1_241' title='bbox 1279 4064 1306 4112; x_wconf 77' lang='lat' dir='ltr'><strong>Er</strong></span> 
     </span>
     <span class='ocr_line' id='line_1_33' title="bbox 172 4137 1306 4198; baseline 0.009 -10"><span class='ocrx_word' id='word_1_242' title='bbox 172 4138 426 4191; x_wconf 70' lang='lat' dir='ltr'><strong>canoniam-ionisffl</strong></span> <span class='ocrx_word' id='word_1_243' title='bbox 494 4138 709 4189; x_wconf 69' lang='lat' dir='ltr'><strong>⁶eornedoritt&#39;a</strong></span> <span class='ocrx_word' id='word_1_244' title='bbox 751 4138 899 4189; x_wconf 56' lang='lat' dir='ltr'><strong>ermedeo</strong></span> <span class='ocrx_word' id='word_1_245' title='bbox 968 4137 1097 4190; x_wconf 76' lang='lat' dir='ltr'><strong>⁶aee.0n</strong></span> <span class='ocrx_word' id='word_1_246' title='bbox 1138 4143 1306 4198; x_wconf 76' lang='lat' dir='ltr'><strong>eassrolieat</strong></span> 
     </span>
     <span class='ocr_line' id='line_1_34' title="bbox 172 4221 1145 4296; baseline 0 -21"><span class='ocrx_word' id='word_1_247' title='bbox 172 4222 246 4294; x_wconf 77' lang='lat' dir='ltr'><strong>⁷per</strong></span> <span class='ocrx_word' id='word_1_248' title='bbox 256 4230 301 4276; x_wconf 80' lang='lat'><strong>01)</strong></span> <span class='ocrx_word' id='word_1_249' title='bbox 348 4245 392 4296; x_wconf 83' lang='lat' dir='ltr'><strong>pa</strong></span> <span class='ocrx_word' id='word_1_250' title='bbox 412 4228 469 4288; x_wconf 77' lang='lat' dir='ltr'><strong>(eae</strong></span> <span class='ocrx_word' id='word_1_251' title='bbox 486 4227 569 4276; x_wconf 75' lang='lat' dir='ltr'><strong>stroke</strong></span> <span class='ocrx_word' id='word_1_252' title='bbox 586 4228 688 4290; x_wconf 64' lang='lat' dir='ltr'><strong>through</strong></span> <span class='ocrx_word' id='word_1_253' title='bbox 708 4243 724 4293; x_wconf 87' lang='lat' dir='ltr'><strong>p</strong></span> <span class='ocrx_word' id='word_1_254' title='bbox 741 4226 805 4288; x_wconf 83' lang='lat' dir='ltr'><strong>om.)</strong></span> <span class='ocrx_word' id='word_1_255' title='bbox 873 4221 989 4276; x_wconf 79' lang='lat' dir='ltr'><strong>⁸snosa</strong></span> <span class='ocrx_word' id='word_1_256' title='bbox 1025 4240 1086 4275; x_wconf 79' lang='lat' dir='ltr'><strong>siras</strong></span> <span class='ocrx_word' id='word_1_257' title='bbox 1097 4227 1145 4275; x_wconf 76' lang='lat'><strong>01&gt;</strong></span> 
     </span>
    </p>
   </div>
   <div class='ocr_carea' id='block_1_7' title="bbox 0 0 1547 5024">
    <p class='ocr_par' dir='ltr' id='par_1_11' title="bbox 0 0 1547 5024">
     <span class='ocr_line' id='line_1_35' title="bbox 0 0 1547 5024; baseline 0 0"><span class='ocrx_word' id='word_1_258' title='bbox 0 0 1547 5024; x_wconf 95' lang='lat' dir='ltr'><strong> </strong></span> 
     </span>
    </p>
   </div>
  </div>
 </body>
</html>
