3082 5024
151 459 202 513 eq».
215 449 260 518 rr]
310 453 367 502 nn
383 452 694 503 commanire
711 454 875 502 nascatur
890 451 1131 502 noarmonnn.
1260 457 1321 515 703

221 627 328 706 Arguit
355 628 435 689 enim
467 648 506 688 ex
536 627 706 689 iuramento
737 637 768 690 et
798 629 858 688 fide
884 627 1095 688 elemosinaria
1122 627 1321 697 dominorum,

154 732 218 808 quod
235 752 356 793 necesse
378 740 433 803 cst,
455 731 536 809 ipsos
558 752 679 793 servare
699 742 832 810 pactum,
857 732 937 811 quod
953 752 1021 791 cnm
1038 731 1119 791 clero
1133 731 1323 810 pepigerant,

154 835 210 911 quia
227 835 321 907 aliter,
345 845 380 894 ut
401 834 496 912 lingit,
520 834 620 895 forent
642 836 811 896 animarum
826 855 948 895 suorum
973 835 1199 913 progenitorum
1221 834 1324 894 inlide-

154 932 238 996 lissimi
259 938 437 1016 proditores,
461 958 497 998 ac
520 938 807 1018 siblasphcmarent
822 937 852 997 in
869 935 1011 1009 cristam,
1036 938 1117 1017 quod
1140 937 1204 1016 ipse
1218 937 1326 997 fuisset

154 1037 251 1102 inerte
272 1039 396 1101 amandi
418 1042 613 1102 stultissimus
635 1052 666 1103 et
687 1043 834 1120 ingratus.
879 1039 980 1111 Certo,
1004 1041 1158 1121 inquiunt,
1184 1059 1326 1101 concesse

154 1141 186 1203 de
201 1153 340 1224 perpetua
363 1144 528 1206 elemosina
550 1156 621 1205 sunt
642 1146 805 1224 implendo.
852 1144 913 1205 Sed
937 1145 1017 1204 idem
1040 1155 1086 1205 est
1099 1153 1325 1224 procuratorem

154 1244 256 1324 dyaboli
279 1249 320 1308 sic
343 1268 484 1325 arguere,
514 1269 550 1309 ac
573 1250 597 1309 si
620 1249 792 1321 intenderit,
822 1249 847 1308 si
869 1250 935 1328 quis
957 1249 1111 1320 iuraverit,
1135 1269 1167 1308 se
1189 1248 1327 1308 occidere

154 1348 257 1411 bouem
278 1372 366 1411 suum
392 1351 444 1412 vel
467 1351 589 1431 aliquod
621 1353 741 1413 lacinus
767 1373 821 1431 pro
848 1361 935 1430 parte
959 1351 1083 1430 dyaboli
1105 1361 1211 1412 contra
1233 1350 1327 1410 domi·

155 1471 212 1512 num
224 1463 405 1533 perpetrare,
429 1475 468 1514 ex
490 1455 550 1515 fide
572 1476 627 1516 sua
649 1455 688 1516 de
710 1456 860 1516 servando
875 1457 1077 1516 iuramentum
1098 1463 1227 1526 tenetur,
1251 1451 1327 1512 illud

148 1552 253 1616 'lacirun
275 1557 451 1637 adimplere.
496 1557 539 1619 Et
560 1559 603 1619 sic
625 1559 747 1619 racione
769 1558 893 1638 dyaboli
909 1567 1029 1619 tenetur
1043 1577 1166 1618 manere
1181 1564 1328 1636 perpetuo

157 1654 243 1719 innuo
264 1660 389 1721 crimine
412 1670 518 1721 contra
540 1660 682 1721 Crietum.

224 1761 283 1823 Sed
304 1764 372 1842 quis
393 1764 491 1825 fidelis
513 1786 574 1825 non
597 1764 788 1826 erubesceret
810 1767 899 1826 istam
922 1766 1087 1843 arguciam,
1112 1785 1181 1825 cunr
1200 1763 1330 1823 fideliter

160 1859 282 1924 inferatur
296 1868 478 1945 oppositum,
495 1867 645 1927 subducta
658 1868 878 1946 philomantica
889 1878 953 1929 arte
968 1867 1102 1928 infideli?
1124 1865 1217 1927 Unde
1232 1886 1329 1926 euan-

162 1963 247 2038 gelista
260 1974 272 2037 ΙΙ
288 1969 378 2030 docet
399 1970 430 2030 in
453 1972 513 2031 fine
535 1991 588 2030 sue
602 1972 694 2031 tercie
710 1972 836 2051 epistole
852 1971 928 2031 lilios
947 1992 1017 2031 suos
1033 1970 1202 2031 carissimos
1217 1988 1236 2027 a
1251 1968 1329 2027 lilar·
1342 1970 1502 2023 ballol-¹⁵⁰

148 2066 219 2141 lgirie
231 2068 419 2150 precavercl,
438 2074 495 2134 hoc
512 2083 557 2135 cst
572 2073 611 2134 ab
627 2095 729 2135 amore
744 2075 850 2135 illicito
866 2085 1062 2135 terrenorum.
1092 2072 1209 2133 (mistus
1228 2080 1330 2131 autem

165 2186 193 2228 ex
207 2173 258 2234 fide
279 2176 369 2237 docet
391 2186 487 2237 artem
510 2179 633 2238 amandi
650 2178 910 2257 perlectiseimam.
949 2178 1020 2257 Ipse
1042 2186 1144 2236 autem
1168 2176 1242 2235 dicit
1264 2173 1329 2232 Ioh.

168 2274 215 2333 13³:
235 2280 411 2339 mandatum
426 2301 539 2341 novum
562 2281 601 2341 do
625 2281 720 2354 vobis,
744 2292 778 2342 ut
800 2281 935 2359 diligatis
957 2282 1097 2353 invicem,
1121 2279 1200 2340 sicut
1222 2287 1253 2338 et
1275 2296 1331 2353 ego

168 2372 236 2438 dilexi
256 2403 318 2455 vos,
343 2392 429 2444 utet
451 2404 505 2444 vos
527 2384 662 2462 diligatis
684 2385 824 2457 invicem,
857 2386 943 2465 quasi
970 2384 1097 2444 diceret:
1126 2383 1184 2443 hoc
1206 2378 1331 2440 manda-

169 2484 258 2545 unde
278 2487 447 2547 dileccione
470 2487 509 2547 do
527 2486 614 2547 vobis
629 2488 756 2561 noviter,
780 2498 814 2548 ut
837 2510 890 2549 vos
911 2487 1046 2565 diligatis
1069 2487 1109 2547 ad
1124 2485 1264 2555 invicem,
1288 2503 1332 2542 se·

148 2576 271 2647 lendum
294 2589 433 2663 formam,
457 2610 518 2670 qua
539 2611 596 2669 ego
618 2591 712 2665 diligo
735 2592 889 2671 apostolos
911 2613 1006 2663 meos,
1031 2611 1121 2669 quam
1145 2608 1201 2666 ego
1223 2585 1333 2666 practi-

170 2689 214 2748 uri
232 2692 258 2752 in
280 2693 340 2754 illis
363 2703 427 2753 tam
450 2714 540 2773 opere
571 2714 662 2774 quern
690 2715 836 2756 sermone.
881 2694 983 2755 Aliter
1005 2695 1085 2755 enim
1108 2700 1237 2751 nonest
1260 2709 1333 2750 vera

172 2783 275 2867 dilacio,
298 2795 352 2855 scd
375 2797 478 2857 odium
500 2797 761 2876 philomanticum,
785 2799 867 2879 quod
889 2797 1038 2877 dyabolus
1062 2795 1238 2856 introduxit.

232 2896 274 2958 llo
296 2899 463 2960 dileccione
486 2908 588 2960 autem
604 2898 696 2960 Cristi
718 2901 847 2979 legimus
865 2901 976 2962 Matth.
998 2894 1069 2972 20‘l,
1093 2898 1173 2979 quod
1197 2899 1262 2976 ipse
1285 2916 1334 2956 ne·

174 2997 232 3065 llvit
250 3003 385 3079 cognatis
408 3003 469 3063 suis
493 3003 562 3064 filiis
584 3003 715 3064 Zebedei
744 3005 907 3083 primatum
939 3003 1142 3075 mundanum,
1176 3010 1209 3060 ut
1231 2999 1336 3060 sedere

150 3086 200 3153 aad
216 3102 343 3165 ‹lextram
365 3127 451 3166 suam
475 3116 506 3166 et
527 3108 690 3180 sinistram,
714 3108 768 3168 sed
784 3108 933 3168 concessit
947 3109 990 3168 eie
1010 3114 1223 3187 paupertatem
1239 3122 1336 3163 ewan-

175 3199 272 3271 gelieam
302 3218 332 3269 ct
357 3210 455 3270 instar
485 3211 530 3270 sui
554 3209 658 3271 bibere
681 3212 863 3289 passionem.
908 3210 1059 3281 Calicem,
1084 3208 1207 3288 inquit⁶,
1235 3226 1337 3266 meum

176 3294 263 3369 bibetis.
305 3311 348 3371 Et
369 3312 420 3373 vel
443 3323 562 3391 oportet
584 3313 762 3384 concedere,
792 3314 873 3394 quod
897 3312 1013 3374 (tristes
1036 3312 1095 3372 fuit
1116 3312 1253 3388 ingratus
1276 3307 1338 3368 suis

178 3415 282 3483 tenacis
302 3414 353 3474 vel
380 3415 543 3495 impotens,
577 3417 625 3478 vel
653 3439 691 3477 ex
714 3417 887 3478 sinceritate
914 3416 1025 3476 amoris
1056 3415 1117 3474 illis
1149 3418 1339 3474 concesserat

178 3500 234 3571 lllud
251 3515 369 3578 bonum.
416 3519 488 3579 Ideo
512 3521 665 3600 sequendo
688 3541 821 3581 amorem
843 3520 943 3592 (tristi,
973 3528 1007 3578 ut
1029 3517 1157 3598 quilibet
1178 3515 1338 3575 cristianus

154 3598 267 3677 ³‘'lltlebu
287 3641 324 3680 ex
344 3622 416 3693 fide,
449 3622 538 3683 factis
561 3625 651 3684 (cartis
674 3622 787 3684 talibus
809 3623 859 3683 vel
881 3622 1058 3682 iuramentis
1084 3619 1198 3680 illicitis
1220 3624 1340 3677 tenetur

180 3706 248 3779 fidelis
267 3723 332 3802 ipsa
354 3725 533 3786 festinanter
556 3726 743 3805 disrumpere
766 3736 797 3787 et
819 3727 879 3805 legi
902 3727 1015 3785 domini
1038 3723 1169 3784 obedire.

242 3822 325 3887 Certe
351 3829 430 3888 enirn
453 3830 510 3890 iste
532 3829 669 3889 iulideles
697 3849 758 3888 non
780 3840 851 3889 suut
873 3829 1086 3906 ewangelium,
1119 3826 1172 3887 sed
1200 3830 1341 3902 patenter

183 3908 281 3989 herenee
310 3940 415 3992 contra
446 3932 553 4011 ipsum.
598 3932 673 3993 Ideo
704 3933 729 3992 si
760 3934 927 3993 secundum
959 3931 1057 4009 legem
1085 3930 1251 3989 humanam
1279 3947 1341 3985 nou

360 4150 370 4179 ἦ
389 4155 564 4216 aequoream
577 4153 1002 4217 icnotaccurate,cp.11ulrel:),lb
1054 4155 1064 4178 ⁰
1082 4169 1102 4199 υ.
1115 4155 1146 4201 :ll
1200 4144 1213 4175 ⁰¹
1230 4166 1251 4197 c.
1265 4151 1295 4197 Pl
1310 4147 1340 4212 ff.

320 4243 329 4266 ³
346 4241 392 4303 apl.
406 4240 497 4288 Mada.
510 4245 551 4298 20,
563 4245 596 4291 a?
