3082 5024
170 469 230 526 704
591 463 783 513 sonamus
806 462 945 513 WJCLJF.
1266 454 1375 527 [aar

169 638 253 698 valet
267 636 396 697 donacio
415 636 473 696 nisi
495 636 602 697 habita
623 636 753 697 licencia
775 636 889 697 domini
904 634 1054 714 capitalis,
1080 640 1229 714 patenter
1253 632 1373 695 convin

169 743 255 814 citur,
279 740 361 820 quod
383 761 442 801 non
466 739 551 800 valet
573 741 676 820 aliqua
697 739 768 800 talis
790 739 919 799 donacio
941 739 998 799 nisi
1019 737 1186 817 prehabito
1209 737 1263 797 dei
1287 736 1374 797 licen·

169 845 226 917 cia,
250 844 300 923 qui
323 852 370 903 est
391 842 531 902 dominus
553 843 753 903 dominorum.

254 946 334 1006 Nam
357 966 395 1005 ex
423 945 482 1005 lide
504 946 702 1018 convincitur,
725 945 806 1025 quod
829 945 918 1005 aliter
939 965 999 1004 non
1026 944 1107 1004 foret
1128 943 1308 1004 elemosina
1328 940 1374 1005 vel

169 1071 246 1129 opus
267 1048 393 1119 licitum,
417 1048 471 1108 sed
494 1048 612 1108 facinus
634 1047 774 1108 illicitum
802 1048 960 1108 anticristi.
1004 1046 1079 1107 Ideo
1107 1047 1251 1107 ostensio
1281 1056 1390 1108 cmv

169 1174 236 1212 rum
259 1150 365 1213 talium
390 1151 530 1221 ostendit,
554 1151 634 1230 quod
657 1159 719 1210 tam
742 1151 944 1211 concedentes
966 1170 1057 1230 quam
1078 1149 1287 1210 admittentes
1309 1162 1377 1210 sunt

171 1253 310 1334 discipuli
335 1254 492 1314 anticristi.

256 1357 298 1417 Et
320 1364 418 1435 patet,
451 1356 532 1435 quod
555 1358 634 1417 sicut
655 1357 781 1434 argucia
808 1352 903 1434 prior!
926 1355 1073 1416 fundatur
1094 1356 1126 1415 in
1150 1376 1259 1417 errore
1282 1356 1374 1418 homi·
1409 1376 1411 1405 ÷

170 1480 243 1520 num
260 1468 366 1519 contra
381 1458 522 1531 Cristum,
546 1459 589 1519 sic
606 1468 635 1519 ct
650 1459 709 1519 ista
723 1459 878 1519 secunda⁹
893 1458 1018 1536 argucia
1040 1458 1193 1519 fundatur
1207 1459 1241 1519 in
1267 1480 1374 1533 errore,
1409 1498 1411 1505 ·

171 1584 261 1643 quam
299 1562 447 1622 anticristi
486 1561 654 1642 discipulus
693 1562 800 1622 nititur
838 1582 893 1640 per
923 1562 1077 1622 racionem
1113 1546 1411 1640 nigromanticum*

172 1665 317 1726 stabilire.

695 1872 781 1930 01112.
812 1872 843 1929 V.

259 2026 367 2086 Restat
389 2024 506 2097 videro,
539 2024 689 2105 quomodo
712 2025 768 2085 iste
791 2034 873 2086 secte
895 2032 1025 2104 quatuor
1052 2032 1083 2084 et
1105 2022 1275 2103 religiones
1298 2046 1373 2087 nove

173 2131 204 2190 iu
226 2129 386 2190 ecclesiam
409 2127 580 2188 introducta
602 2127 632 2187 in
656 2127 762 2188 eodem
785 2148 885 2188 errore
907 2126 1128 2205 nigromantiae
1144 2138 1219 2189 sunt
1234 2128 1371 2189 fundate

258 2231 404 2310 Arguunt
425 2231 514 2302 enim,
539 2231 620 2311 quod
635 2240 717 2291 secte
732 2231 788 2291 iste
808 2239 879 2291 sunt
899 2228 979 2290 bone
1001 2238 1032 2290 et
1054 2229 1147 2303 licite,
1172 2232 1248 2312 quia
1270 2253 1290 2293 a
1311 2244 1369 2293 tam

173 2337 231 2415 piis
263 2334 397 2414 patronis
428 2335 568 2394 ordinum
599 2332 743 2394 stabilite.
790 2333 866 2410 Quis
897 2333 977 2393 enim
1006 2341 1133 2411 negaret
1160 2334 1400 2396 ordinacionem

9 2454 112 2505 {suasu
122 2454 160 2494 aa
173 2440 297 2499 istorum
313 2444 326 2507 11
342 2446 525 2510 sanctorum,
542 2436 710 2509 Benedicti,
726 2436 881 2497 Dominici
904 2445 935 2496 et
952 2435 1119 2509 Francisci,
1144 2447 1176 2498 et
1198 2437 1364 2518 specialiter

173 2543 203 2602 in
227 2542 293 2614 isto,
318 2562 376 2621 quo
399 2539 567 2601 secundum
590 2548 635 2600 tot
657 2549 778 2601 sanctos
801 2539 961 2600 ecclesiam
985 2548 1181 2601 ornaverunt

261 2645 322 2704 Sed
344 2645 423 2705 sicut
437 2642 592 2722 superius⁰
616 2643 730 2704 dictum
754 2652 808 2717 est,
832 2652 951 2722 oportet
973 2642 1014 2702 ad
1028 2643 1262 2704 testificandum
1278 2643 1350 2703 istan

175 2748 330 2826 arguciam
354 2767 463 2826 capere
485 2746 516 2805 in
539 2746 663 2819 minore,
687 2746 769 2827 quod
791 2746 865 2807 dicti
887 2746 1009 2826 patroni
1032 2746 1064 2806 in
1079 2747 1249 2808 ordinando
1269 2755 1355 2809 sectas
1408 2812 1411 2819 ,

175 2850 346 2911 huiusmodi
369 2871 431 2909 non
452 2858 639 2921 erraverunt,
663 2850 715 2910 sed
739 2849 835 2911 secuti
856 2850 981 2910 fuerunt
1002 2849 1159 2910 dominum
1182 2849 1278 2911 Iesum
1297 2846 1392 2929 cri-2,

175 2964 263 3014 stum.
287 2992 329 2999 —
352 2952 443 3029 Quod
466 2962 512 3013 est
533 2952 637 3012 multis
658 2951 836 3014 incredibile
863 2974 904 3014 ex
925 2952 1059 3014 duobus:
1087 2954 1186 3034 primo
1213 2952 1278 3034 quia
1295 2949 1342 3013 Cri·

174 3066 238 3118 stus
261 3056 320 3117 fuit
341 3056 379 3116 de
401 3055 554 3116 eleccione
570 3055 729 3116 duodecim
746 3055 950 3135 apostolorum
970 3065 1173 3128 comentatus,
1196 3055 1243 3117 isti
1261 3068 1341 3118 autem

175 3161 295 3239 patroni
335 3159 491 3220 excellunt
531 3158 641 3220 multos
673 3159 888 3231 duodenarios,
927 3181 963 3220 ac
997 3160 1023 3221 si
1063 3160 1235 3221 anticristus
1268 3160 1342 3222 vellet

175 3264 256 3343 ipsos
278 3262 425 3323 extollere
448 3282 540 3340 supra
555 3261 697 3322 Cristum.
743 3260 835 3323 Unde
857 3283 953 3324 novas
973 3263 1094 3341 regulas
1117 3271 1148 3323 et
1170 3281 1255 3323 novos
1276 3259 1347 3328 hsti-

175 3377 223 3426 tus
247 3367 402 3445 possident
429 3375 585 3446 tamquam
609 3365 802 3438 hereditarie,
836 3387 872 3426 ac
898 3366 924 3425 si
946 3365 1054 3445 regula
1075 3365 1168 3426 Cristi
1195 3376 1224 3426 et
1240 3383 1307 3432 sus
1321 3364 1380 3421 ortl

176 3470 296 3530 dinaoio
319 3469 432 3529 fuerint
453 3468 645 3547 incompleta.
690 3466 782 3529 Unde
805 3460 935 3541 Oristus,
961 3490 1031 3549 ymo
1054 3478 1120 3530 tota
1143 3469 1290 3549 trinitas,
1305 3455 1364 3530 imis

176 3574 254 3634 tavit
275 3594 329 3633 suo
352 3571 458 3643 ordini,
483 3572 564 3651 quod
587 3571 661 3631 dicti
683 3572 730 3632 sui
746 3570 887 3650 discipuli
909 3593 1122 3651 permagnam
1145 3582 1300 3652 partem
1310 3552 1376 3632 peld-

176 3676 287 3747 tabilis,
312 3695 371 3734 non
395 3683 516 3735 servata
537 3674 685 3735 hodierna
707 3674 813 3751 regula
829 3675 1035 3749 circumirent,
1061 3685 1095 3735 ut
1116 3684 1200 3754 patet
1229 3663 1392 3746 <hilm

176 3780 246 3839 Act.
273 3772 336 3838 10.l
380 3776 472 3838 Unde
495 3778 575 3857 quod
598 3777 754 3856 apostolus
776 3777 893 3838 Paulus
915 3798 976 3838 non
998 3777 1135 3838 audebat
1156 3797 1213 3857 per
1308 3749 1409 3852 ,effi

175 3891 274 3941 sectas
297 3879 449 3958 colligere,
473 3888 507 3940 ut
528 3888 614 3958 patet
635 3879 651 3938 Ι
670 3879 738 3940 Cor.
766 3886 780 3938 1
805 3889 836 3940 et
859 3886 901 3953 3,⁶
929 3881 983 3942 dat
1005 3879 1147 3941 fidelibus
1168 3880 1278 3951 eri
1288 3857 1411 3960 *uselli*

176 3985 256 4063 quod
280 3983 328 4043 vel
352 3983 408 4043 iste
430 3993 491 4044 tres
506 3982 626 4061 patroni
642 3981 751 4043 stolide
767 3991 1023 4062 presumpserunt,
1047 3991 1079 4044 et
1100 3984 1144 4044 sic
1158 3982 1187 4042 in
1320 3964 1411 4066 (ἣρω

385 4152 400 4189 s
414 4173 453 4203 ree
470 4155 544 4202 abore
558 4170 585 4216 p.
601 4158 647 4203 701
719 4158 730 4188 Π
747 4170 786 4201 see
802 4153 876 4202 abaco
889 4171 917 4216 p.
937 4159 987 4206 703

391 4243 466 4291 OAP.
483 4240 510 4289 1'.
545 4242 623 4288 “See
639 4240 713 4289 above
726 4258 754 4304 p.
768 4244 814 4291 701
886 4237 990 4307 laets,
1052 4246 1117 4305 ‘qa
1136 4242 1243 4297 1,(
1265 4234 1407 4328 §.ops
