3082 5024
515 514 694 563 6666666
713 516 842 565 innam
1219 524 1282 583 805

69 682 235 733 prelatorum
251 684 400 749 superbiam
418 683 446 733 in
463 683 575 735 heresim
592 701 651 736 cou-
703 687 843 751 Presbyter
860 685 906 737 1161
917 687 1029 738 discolus
1041 695 1146 754 propter
1157 690 1282 741 securita-

106 752 290 803 6166666661.
737 762 790 804 tem
808 757 990 822 perpetuitatis
1007 758 1065 807 213.

70 850 102 859 -
124 821 247 885 superbia
265 821 443 886 presumptive
460 822 518 872 303.
702 824 818 889 —quid
836 824 923 876 lacere
941 825 1036 876 debeat
1053 825 1147 876 dicitur
1164 828 1222 877 263.

69 918 102 927 -
124 896 250 955 precepta
266 889 335 940 inter
351 905 379 940 se
398 890 528 939 contraria
545 892 604 941 416.
675 880 678 957 l
704 898 792 942 —tero
810 893 901 943 titulus
918 895 1060 945 elemosine
1073 900 1113 945 est
1125 896 1281 960 preclarissi-

68 988 101 996 —
123 958 377 1008 irracionabilissima
395 959 486 1008 eitacio
505 961 564 1010 541.
675 962 678 1009 l
737 963 869 1012 1666245.

69 1026 139 1075 -tis
156 1026 301 1090 dyabolicis
317 1027 431 1094 religiosi
454 1028 570 1077 modemi
588 1028 651 1078 obli·
675 1018 678 1125 Ι
703 1031 785 1079 -teri
802 1046 855 1080 666
873 1030 971 1082 debent
988 1047 1044 1082 osse
1057 1033 1167 1083 ecclesie
1179 1035 1282 1084 onerosi

104 1102 202 1161 gantur
219 1095 278 1145 215.
737 1100 795 1148 394.

66 1193 102 1202 -
123 1164 197 1214 Iesus
215 1170 255 1214 est
272 1164 389 1229 superior
406 1165 465 1214 466.
702 1194 735 1203 -
754 1166 871 1216 moderni
884 1167 959 1217 Cristi
972 1168 1083 1236 vestigia
1095 1170 1281 1237 derelinquunt

66 1249 84 1284 a
105 1259 138 1268 -
156 1232 269 1298 populus
287 1232 414 1298 decipitur
431 1234 489 1283 259.
737 1236 796 1285 616.

66 1301 649 1367 Ρ166116166661661661161161116166661660.
702 1331 734 1339 -
752 1303 888 1354 inferiores
911 1310 1019 1368 possunt
1039 1321 1096 1355 esse
1114 1307 1158 1355 alii
1175 1307 1207 1357 de
1225 1308 1281 1359 istis

67 1371 158 1420 —mia
175 1370 327 1420 meritorum
345 1372 402 1421 346.
735 1371 880 1434 ordinibus,
903 1373 949 1422 alii
969 1374 1094 1423 iuvenum
1112 1375 1281 1427 instructores

68 1468 104 1477 -
123 1454 139 1487 a
157 1437 207 1488 deo
219 1438 281 1489 totis
292 1439 397 1489 racione
408 1439 489 1505 partis
500 1440 650 1490 tribuuntur
736 1440 781 1490 alii
799 1446 948 1506 operatores
966 1442 1024 1492 265.

106 1508 165 1557 326.
702 1537 733 1544 -
752 1510 822 1575 quod
840 1509 983 1560 moriantur
999 1527 1045 1576 pro
1062 1512 1131 1560 fame
1149 1528 1201 1561 non
1219 1529 1280 1563 con·

69 1576 216 1625 -miorum
244 1575 357 1642 dignitas
378 1577 496 1643 sequitur
517 1577 648 1628 hominem
735 1578 903 1628 6611161211.

106 1646 164 1694 346.
701 1648 882 1697 —seculares
902 1654 930 1696 et
948 1647 1009 1697 laici
1028 1648 1055 1697 in
1073 1648 1184 1698 66616616
1205 1648 1280 1700 cristi

67 1713 233 1764 Prenuncius
260 1712 336 1763 cristi
355 1714 472 1779 Baptista
498 1715 650 1766 eternaliter
735 1716 849 1765 consiliis
865 1716 1033 1766 observandis
1051 1718 1108 1767 528.

105 1782 239 1832 ordinatus
256 1783 314 1832 334.
700 1812 732 1820 -
752 1785 887 1834 inferiores
903 1792 1045 1850 potuerunt
1062 1785 1208 1836 ministrare
1220 1803 1280 1836 con-

66 1850 262 1902 Prenosticacio
280 1852 459 1917 generationis
472 1851 591 1903 adultere
602 1868 650 1919 per
734 1852 910 1904 firmacionem
930 1853 1280 1907 616661666166161616260.

105 1919 281 1969 variacionern
299 1919 435 1970 habituum
453 1922 493 1972 26.
702 1948 733 1957 -
752 1922 864 1972 seculari
882 1921 995 1972 dominio
1013 1923 1171 1974 (1616111243.

66 1995 223 2038 -comete
242 1989 283 2038 14.
700 2017 732 2026 -
751 2006 803 2039 666
821 1990 971 2040 includendi
986 1991 1099 2042 claustro
1117 1994 1262 2044 534-535.

66 2057 104 2107 ad
115 2056 312 2122 Properandum
330 2055 461 2108 domilicio
472 2057 570 2109 habent
580 2058 649 2108 solli·
701 2067 804 2107 -teros
814 2059 933 2125 antiquos
942 2075 1078 2125 perversos
1087 2067 1114 2110 61
1123 2060 1279 2112 incorrectos

104 2126 247 2176 citudinem
265 2133 335 2176 secte
354 2127 395 2176 51.
640 2168 642 2173 .
735 2127 884 2191 permittere
902 2128 960 2178 304.

67 2194 281 2259 Preparatorium
317 2194 473 2260 baptismum
502 2195 648 2245 ministrare
701 2211 825 2246 —novos
835 2196 959 2246 inducere
971 2196 1005 2245 ad
1018 2213 1083 2246 onus
1095 2197 1205 2247 ecclesie
1218 2200 1277 2249 304.

105 2263 233 2328 baptismo
252 2263 328 2314 Cristi
346 2265 403 2314 334.
699 2264 830 2314 Prescitus
853 2265 954 2315 mordet
975 2266 1107 2331 proprium
1132 2282 1225 2332 corpus
1251 2273 1280 2318 61

67 2331 299 2397 Preponderancia
308 2331 424 2382 inficiens
433 2332 570 2382 ecclesiam
583 2333 647 2382 mili·
734 2333 848 2382 animam
866 2335 924 2384 362.

103 2407 204 2450 tantem
224 2401 280 2451 111.
700 2429 732 2436 -
751 2402 862 2466 quilibet
879 2402 962 2451 malua
979 2401 1083 2467 spiritus
1101 2403 1216 2452 estest.

68 2495 102 2504 -
120 2469 148 2517 16
166 2484 255 2519 amore
273 2469 311 2519 rei
328 2474 367 2518 est
385 2469 411 2517 in
429 2469 506 2518 sectis
525 2470 566 2519 23.
701 2495 732 2504 -
751 2471 922 2520 communitor
939 2476 978 2520 est
995 2485 1064 2536 papa
1081 2471 1140 2521 251.

68 2537 266 2603 Preponderare
289 2538 315 2586 in
337 2552 425 2588 amore
442 2537 525 2587 filium
542 2536 648 2601 dyaboli
700 2567 731 2575 —
750 2539 833 2588 omnis
850 2539 965 2604 proditor
982 2537 1025 2588 dei
1041 2539 1081 2588 661
1099 2545 1138 2590 est
1157 2540 1214 2589 161.

106 2608 162 2656 110.
700 2607 861 2673 -quilibet
883 2613 922 2657 661
942 2608 968 2655 16
987 2608 1055 2657 16616
1073 2606 1200 2672 dyabolus
1218 2610 1279 2660 361.

67 2702 99 2710 -
118 2675 250 2724 racionem
268 2673 417 2723 tradicionis
434 2673 526 2724 frivole
544 2675 603 2724 246.
700 2704 731 2711 -
750 2676 832 2724 omnis
849 2675 1051 2741 contemptibilis
1068 2684 1108 2725 est
1126 2678 1184 2727 161.

66 2743 217 2808 Preponero
231 2757 355 2810 personas
367 2743 393 2791 16
405 2741 502 2793 bonore
515 2744 646 2794 mundano
700 2745 752 2793 -ti
770 2751 940 2809 persecuntur
957 2744 1094 2794 ecclesiam
1112 2744 1188 2795 Gristi
1206 2748 1264 2797 560.

104 2813 161 2862 111.
699 2842 730 2849 -
741 2813 840 2861 1661661
849 2812 1046 2863 occasionaliter
1055 2814 1210 2865 nurltabona
1217 2816 1277 2866 560.

64 2880 241 2946 —ppocritas
248 2880 276 2929 in
285 2879 412 2946 dignitate
421 2879 620 2945 prepositurell
624 2881 645 2931 1.
699 2910 730 2918 —
749 2898 875 2931 novorum
893 2880 1013 2931 ordinum
1031 2884 1089 2932 363.

63 2949 217 3014 Propositus
234 2948 378 2998 maximam
395 2948 538 2998 dominium
556 2948 646 2999 vendi·
699 2978 730 2986 -
748 2956 810 2999 6661
828 2949 934 3014 dyaboli
952 2951 1010 3000 364.

99 3024 143 3067 661
159 3034 239 3083 super
255 3017 372 3067 subditos
389 3018 447 3067 416.
698 3047 728 3055 -
748 3019 862 3083 peccatis
879 3019 1037 3084 participant
1052 3020 1127 3085 ponis
1144 3021 1277 3087 perpetuis

65 3113 98 3122 -
118 3087 291 3137 contrariatur
308 3086 412 3136 monitis
430 3085 473 3135 dei
491 3086 549 3137 415.
731 3089 789 3137 329.

66 3183 98 3190 -
119 3155 230 3220 quilibet
248 3161 287 3205 est
304 3154 432 3218 dyabolus
451 3156 507 3205 166.
698 3184 728 3191 -
748 3162 859 3221 peccant
875 3162 980 3221 propter
992 3154 1117 3206 desidiam
1135 3157 1275 3222 spiritualis

65 3251 97 3259 -
109 3230 240 3274 sectarum
250 3229 290 3274 est
299 3223 426 3287 dyabolus
431 3223 643 3273 incarnatusltll.
731 3224 852 3274 adiutorii
870 3226 928 3274 330.

64 3300 155 3342 -tum
174 3293 286 3342 auctoris
304 3293 345 3342 19.
611 3342 615 3350 ,
697 3320 728 3329 -
747 3293 892 3359 puniuntur
909 3308 942 3343 or
959 3292 1028 3342 iusto
1046 3292 1089 3342 dei
1101 3293 1196 3344 iudicio
1215 3295 1275 3345 330.

63 3361 119 3410 -11
137 3376 171 3410 66
189 3361 300 3411 ecclesie
317 3360 419 3410 onerosi
436 3360 488 3410 sint
507 3361 563 3410 132.
698 3389 726 3397 -
747 3377 837 3411 onmes
854 3376 912 3411 esse
930 3361 1051 3411 dicuntur
1067 3361 1174 3425 dyaboli
1194 3364 1252 3413 362.

63 3458 96 3466 -
116 3429 303 3479 tradicionibus
320 3429 445 3479 anticristi
463 3444 491 3478 se
509 3428 645 3494 implicant
696 3458 729 3467 —
758 3435 895 3495 peccatum
930 3429 1059 3480 infinitum
1091 3430 1167 3495 peius
1195 3446 1274 3496 quam

99 3500 158 3548 181.
730 3506 867 3564 peccatum
885 3498 1055 3564 predestinati
1073 3500 1131 3548 363.

62 3594 96 3603 -
116 3567 186 3616 omni
204 3565 263 3616 dolo
280 3571 342 3615 sunt
358 3565 430 3631 pleni
449 3567 506 3617 161.
696 3596 728 3604 -
756 3567 825 3616 missi
852 3583 869 3616 a
895 3567 1006 3631 dyabolo
1035 3566 1070 3616 ad
1095 3566 1275 3618 seducendum

63 3664 95 3673 —
116 3634 190 3685 multi
208 3641 327 3700 apostate
344 3641 405 3684 sunt
425 3636 481 3685 166.
729 3636 942 3686 666166166362.

62 3732 95 3741 -
115 3712 245 3754 sectamm
263 3703 338 3769 qnasi
355 3703 443 3753 simias
460 3703 488 3752 in
501 3702 585 3754 cordis
596 3702 642 3753 du·
695 3733 726 3740 —
745 3711 807 3754 sunt
824 3705 928 3770 plurimi
945 3705 972 3754 in
990 3710 1060 3753 secta
1079 3703 1156 3754 Cristi
1173 3705 1231 3756 213.

96 3773 238 3823 6661333.
667 3802 669 3833 ³
695 3801 726 3809 -
746 3789 889 3839 numquam
910 3774 1026 3823 nrornbra
1046 3773 1158 3838 corporis
1176 3773 1274 3824 domini

63 3870 93 3879 —
116 3848 245 3891 sectarum
263 3841 380 3906 perversi
399 3840 456 3890 164.
729 3844 787 3892 456.

60 3939 94 3947 -
115 3910 274 3975 quandoque
302 3909 336 3958 ad
362 3915 465 3975 tempus
491 3909 552 3959 boni
582 3915 643 3958 sunt
666 3934 669 3969 ;
694 3937 726 3946 -
745 3911 893 3960 1616661666
911 3910 981 3958 uiola
998 3917 1139 3974 operantur
1157 3913 1215 3961 560.

99 3980 156 4029 164.
694 3978 862 4029 Presidencia
871 3978 1273 4046 1666066116166661666666616

61 4047 130 4097 -tis
149 4046 263 4113 religiosi
281 4046 369 4112 gracia
387 4046 537 4112 obligantur
555 4047 612 4096 166.
666 4046 669 4109 Ι
729 4049 787 4097 610.
1256 4065 1264 4073 ·

60 4116 234 4183 l‘rorogativa
251 4114 322 4164 Petri
340 4115 397 4165 665.
666 4122 669 4173 Ι
693 4115 829 4166 Presidore
839 4115 985 4182 capitaliter
993 4130 1062 4181 papa
1071 4116 1273 4169 66666061669.

61 4199 156 4234 —-vam
174 4186 268 4235 Petrus
286 4182 377 4232 habuit
395 4185 453 4234 666.
666 4216 669 4237 r
693 4184 861 4250 Presurnpcio
879 4184 993 4234 heretica
1011 4199 1079 4251 papo
1098 4186 1155 4235 512.

60 4269 159 4303 ——vum
171 4260 255 4304 status
265 4251 390 4302 secularis
398 4251 571 4318 perfectorum
581 4253 640 4303 515.
666 4242 669 4295 1
694 4280 725 4289 -
745 4253 845 4303 bullata
862 4252 912 4303 deo
930 4254 1058 4303 contrariu
1075 4260 1115 4304 est
1132 4255 1191 4305 350.
