3082 5024
169 473 231 530 182
599 464 783 514 GENERAL
802 464 931 513 INDEX.

168 637 319 688 Mendicaut
330 637 421 687 fratres
438 636 567 685 hostiatim
585 636 618 685 ab
636 635 744 686 homini-
794 636 922 686 Mentitur
932 651 1002 703 papa
1014 636 1129 703 graviter
1138 626 1328 685 scorsasanti

202 707 250 755 bus
270 708 325 755 188.
797 731 828 739 -
846 720 915 771 papa
931 705 1113 772 indulgenciam
1131 703 1216 753 dando
1234 704 1283 754 330.

170 804 198 812 -
219 774 295 824 multi
314 775 362 823 sibi
383 773 584 839 perpetuitatem
601 773 743 823 elemosine
799 774 933 823 -ciuntur
949 774 1025 824 multi
1042 773 1162 823 ordinum
1179 774 1219 823 59.

205 845 261 893 198.
768 828 771 877 l
796 871 828 879 —
847 842 966 892 monachi
983 842 1033 893 deo
1050 842 1156 908 publice
1174 843 1230 892 331.

169 941 201 949 -
219 912 312 961 fratres
328 912 385 961 sani
404 913 461 962 190.
796 912 892 961 Mentis
910 911 1013 961 habitus
1032 913 1073 962 21.

170 981 273 1030 —cavit
290 979 388 1029 cristus
405 981 438 1029 ab
456 980 560 1029 homine
580 981 636 1030 188.
797 987 869 1030 -tes
878 977 1328 1046 perscisneiasmodemommvieinc

169 1064 276 1098 -casse
288 1048 400 1098 Cristum
417 1049 504 1099 taliter
515 1049 582 1098 sicut
593 1049 661 1114 ipsos
673 1064 744 1099 men·
831 1050 890 1099 229.

203 1117 306 1166 dacium
324 1117 432 1167 fratrum
450 1118 508 1167 861.
797 1117 947 1167 Meroandie
965 1118 1115 1181 symoniace
1136 1117 1192 1167 146.

170 1193 293 1236 -cantes
310 1202 362 1235 non
379 1193 454 1236 erant
469 1187 496 1234 in
512 1192 581 1235 statu
592 1185 744 1236 innocencie
796 1186 944 1236 Mercantes
960 1202 1020 1235 curn
1038 1185 1202 1235 oracionibus
1219 1185 1272 1235 341.

204 1269 253 1304 888
271 1262 348 1304 erunt
365 1255 392 1303 in
410 1255 572 1305 beatitudine
591 1256 649 1304 366.
798 1282 830 1291 -
848 1270 908 1304 cum
925 1255 978 1304 suis
995 1255 1093 1304 umbris
1110 1256 1168 1303 341.

170 1351 202 1358 -
225 1329 329 1372 sacrant
345 1324 500 1374 elemosinas
526 1324 693 1389 superstitum
719 1329 746 1372 et
797 1324 892 1372 Meteri
910 1323 1099 1373 beatitudinem
1116 1324 1176 1374 344.

204 1392 385 1442 defunctorum
407 1393 464 1442 198.
798 1392 942 1441 Meretricis
964 1392 1035 1441 frons
1057 1392 1127 1441 facta
1145 1406 1178 1441 ex
1195 1389 1290 1440 scelere
1303 1402 1328 1438 aa

172 1461 312 1510 -volunt
335 1461 450 1511 renidere
472 1461 568 1526 patrias
590 1477 635 1525 pro
658 1461 745 1510 stricto
833 1467 912 1525 quato
930 1461 989 1510 411.

204 1529 290 1595 precio
309 1531 349 1581 33.
800 1557 831 1564 -
849 1529 920 1578 frons
937 1529 1007 1578 facta
1023 1535 1095 1578 secte
1112 1526 1228 1577 secunde
1245 1526 1298 1578 132

172 1627 202 1633 -
221 1598 316 1648 callide
337 1599 508 1664 negociantur
528 1597 561 1647 de
578 1596 687 1647 subditis
705 1599 746 1648 33.
798 1598 972 1648 Meridianum
989 1597 1139 1647 demonium
1156 1597 1219 1657 4613
1237 1597 1293 1647 612.

173 1666 282 1716 —eandi
299 1667 387 1731 gracia
407 1667 498 1716 fratres
522 1666 627 1715 domum
650 1666 748 1716 intrant
799 1666 904 1715 -diani
929 1666 1043 1716 demonii
1069 1665 1178 1715 verbum
1204 1672 1244 1715 est
1268 1665 1328 1714 fratn

208 1736 265 1785 310.
833 1733 906 1785 ticcio
925 1735 983 1786 311.

169 1803 205 1852 ad
226 1802 368 1852 -candum
386 1802 467 1853 libere
484 1803 577 1853 fratres
594 1803 658 1853 dant
675 1818 747 1854 occa-
800 1803 913 1852 -dianii
930 1803 1044 1853 demonii
1063 1802 1180 1853 condicio
1199 1804 1257 1852 513.

205 1872 303 1920 sionem
322 1873 397 1922 389·
798 1872 932 1922 Meritoria
949 1887 1029 1938 opera
1041 1878 1068 1921 et
1079 1872 1135 1921 vita
1146 1871 1214 1921 bene
1226 1877 1299 1920 orant
1313 1870 1328 1921 8

174 1968 204 1975 -
222 1948 292 1989 secte
310 1940 408 1989 habent
424 1939 624 1991 sollicitudinem
642 1942 683 1990 51.
801 1941 924 1990 ---toriam
947 1947 1129 2007 paupertatem
1155 1947 1182 1989 et
1203 1937 1328 1989 voluntati

83 2003 87 2009 ¹
173 2037 204 2044 -
223 2015 307 2058 sectam
325 2008 432 2058 fratrum
450 2009 607 2059 necessitare
627 2010 683 2060 192.
752 2068 754 2075 y
833 2009 948 2059 excludit
965 2010 1080 2059 stulticia
1096 2015 1227 2058 sectarum
1244 2009 1284 2058 43.

175 2078 325 2127 -cancium
341 2085 432 2127 sancta
447 2077 539 2143 religio
560 2080 615 2128 198.
799 2079 927 2127 -torium
944 2078 1066 2128 fratribus
1083 2078 1225 2127 iuvenibus
1242 2079 1282 2128 55.

173 2145 325 2196 -habitus
347 2145 462 2196 excludit
482 2146 747 2212 condempnacionem
801 2174 831 2181 —
850 2153 968 2212 repetere
985 2146 1147 2197 sentenciam
1165 2148 1206 2196 99.

208 2216 263 2265 198.
801 2243 832 2250 -
851 2231 915 2281 opus
927 2215 983 2265 lieri
995 2222 1081 2280 potest
1088 2215 1137 2264 sub
1146 2214 1328 2280 obligacionel

173 2311 204 2319 —
224 2291 335 2349 quatuor
352 2283 424 2332 milia
441 2284 468 2332 in
487 2284 583 2350 Anglia
602 2286 658 2336 198.
799 2284 921 2333 Meritum
939 2285 1068 2334 viatomm
1085 2300 1131 2348 pro
1148 2281 1280 2348 spiritibus
1297 2283 1327 2333 14

171 2352 307 2401 Mendicus
325 2351 423 2401 crisma
440 2359 548 2402 vocatus
568 2354 624 2402 tes.
801 2380 831 2387 —
846 2353 887 2402 vel
899 2359 1036 2417 peccatum
1046 2367 1133 2402 emere
1143 2368 1197 2401 non
1206 2350 1328 2417 prodeat

172 2447 203 2455 -
223 2421 265 2470 dei
283 2427 322 2470 est
339 2421 422 2470 omnis
439 2422 523 2470 viator
543 2423 598 2471 181.
801 2421 854 2470 —ti
870 2421 936 2488 largi
954 2421 1122 2471 vendiciones
1142 2422 1199 2470 143.

173 2489 258 2538 —dici
274 2489 412 2555 euangelii
430 2490 500 2539 beati
519 2492 575 2541 196.
801 2496 861 2539 ——to
882 2497 966 2539 sectas
988 2497 1015 2539 et
1035 2505 1063 2539 se
1083 2489 1186 2554 patroni
1211 2487 1304 2554 privati
1324 2503 1328 2552 1

171 2558 294 2607 Mensura
306 2557 367 2608 doni
378 2558 491 2607 sciencie
500 2559 593 2609 viatori
602 2558 748 2609 necessaria
834 2566 897 2608 vant
909 2559 950 2609 32.

206 2634 245 2676 ost
262 2627 320 2676 220.
800 2626 924 2676 Metricos
942 2627 975 2676 dc
993 2626 1119 2692 decalogo
1139 2627 1196 2676 111.

172 2722 205 2730 -
223 2695 424 2745 mendicacionis
443 2697 499 2745 191.
800 2694 873 2744 Milia
889 2703 1001 2760 quatuor
1018 2695 1126 2744 fratrum
1143 2695 1170 2743 in
1189 2693 1282 2760 singlis
1298 2693 1328 2743 28

175 2790 213 2823 -,
232 2779 354 2813 numerus
376 2770 404 2813 et
420 2764 521 2829 pondus
539 2763 704 2814 exhorbitant
720 2765 747 2813 in
800 2792 832 2798 —
852 2764 1049 2829 lecapenum
1065 2764 1156 2813 fratres
1166 2762 1199 2812 de
1211 2762 1328 2830 Angliai

207 2832 276 2881 clero
294 2833 388 2898 singlis
406 2834 464 2883 420.
801 2858 832 2866 —
851 2833 934 2882 multa
959 2833 1040 2882 nutrit
1061 2839 1186 2898 patronus
1211 2829 1328 2897 peecabill

173 2900 291 2950 -inter
312 2901 410 2950 clemm
437 2908 463 2951 et
489 2901 554 2951 duas
576 2908 663 2966 partes
683 2901 748 2950 alias
773 2928 775 2975 Ι
835 2903 892 2951 525.

207 2969 281 3034 regni
299 2970 379 3018 nostri
397 2972 455 3020 419.
773 2992 775 3021 ι
799 2969 915 3019 Militans
933 2970 1044 3020 ecclesia
1061 2969 1241 3020 deteriorando
1259 2982 1328 3034 precs

173 3037 324 3087 Mensurare
341 3053 477 3088 numerum
495 3055 603 3088 ovorum
621 3040 679 3088 596.
834 3039 893 3088 392.

172 3105 277 3154 Mentiri
294 3122 372 3171 super
390 3107 505 3172 proximo
522 3107 660 3172 superstite
678 3108 736 3157 851.
801 3134 832 3142 -
851 3122 953 3172 semper
970 3112 1059 3156 manet
1076 3106 1190 3156 ecclesia
1209 3106 1264 3156 118.

173 3205 203 3212 -
223 3190 301 3240 super
317 3181 466 3241 magnatem
484 3182 610 3225 terrarum
627 3177 685 3226 349.
804 3200 832 3210 -·
851 3176 969 3236 ecclesia,
988 3174 1117 3241 quomodo
1135 3175 1214 3225 debet
1230 3181 1298 3224 stare
1316 3175 1327 3222 1

175 3270 204 3278 -
223 3258 301 3308 snper
323 3243 372 3293 deo
395 3250 422 3293 et
443 3244 555 3294 ecclesia
572 3244 748 3311 triumphante
800 3269 832 3279 -
851 3244 962 3293 ecclesia
979 3250 1019 3294 est
1035 3250 1119 3294 mater
1130 3243 1300 3294 militancium
1315 3241 1328 3291 2

207 3313 265 3361 351.
802 3340 832 3347 -
851 3313 961 3362 ecclesia
971 3313 1073 3363 laborat
1083 3318 1174 3362 contra
1182 3312 1328 3362 unitatemd

174 3407 205 3414 -
224 3397 302 3446 super
319 3381 452 3431 dominum
469 3382 586 3431 tentata
603 3384 662 3433 349.
800 3387 919 3431 -tantes
937 3382 963 3431 in
981 3381 1092 3432 heresim
1109 3382 1262 3447 ampliorem
1272 3378 1328 3446 prof

179 3476 204 3483 -
223 3465 276 3499 non
293 3451 377 3515 potuit
394 3451 467 3501 Iesus
479 3451 577 3501 Gristus
588 3466 637 3500 nec
649 3449 748 3515 aliquid
834 3450 930 3499 dantur
948 3452 1005 3500 119.

209 3518 327 3583 ignorare
345 3521 385 3569 68.
801 3545 832 3555 -
851 3519 1024 3568 claustraliter
1039 3525 1101 3568 sunt
1116 3518 1222 3583 pessimi
1238 3519 1297 3568 218.

176 3613 205 3619 -
225 3588 251 3635 in
270 3588 403 3637 dominum
424 3589 478 3638 149.
800 3587 919 3636 Militaris
940 3594 1023 3637 status
1043 3585 1200 3637 laudabilior
1219 3592 1289 3637 statu
1309 3600 1328 3635 o'

176 3683 205 3688 -
223 3672 301 3721 snper
318 3662 407 3705 sancto
425 3657 451 3705 in
470 3655 526 3706 celo
545 3659 602 3706 351.
835 3672 897 3705 num
916 3657 973 3706 451.

175 3751 204 3757 -
224 3740 300 3774 nemo
318 3731 403 3789 potest
419 3725 467 3773 nisi
486 3726 610 3775 mentitur
627 3725 677 3775 deo
689 3725 747 3775 352.
800 3724 896 3773 Militat
921 3725 969 3774 sub
995 3731 1068 3775 secta
1093 3723 1192 3773 domini
1218 3723 1278 3774 Iesu
1300 3720 1328 3772 cr

177 3820 205 3827 —
224 3809 301 3842 nemo
319 3794 472 3843 (18081610.
835 3793 907 3842 nulla
923 3800 1036 3858 quatuor
1052 3798 1181 3842 sectarum
1199 3792 1258 3842 214.

176 3888 205 3895 -
224 3878 270 3926 pro
288 3863 384 3912 mundo
401 3862 527 3911 salvando
545 3862 602 3912 311.
711 3917 713 3920 ⁴
800 3861 897 3911 Milites
914 3862 1083 3927 agonizantes
1099 3861 1127 3910 in
1144 3861 1222 3911 sectis
1240 3861 1297 3911 189.

175 3957 205 3964 -
224 3945 302 3995 super
319 3946 429 3997 persona
447 3930 600 3980 detestabile
612 3936 748 3995 peccatum
801 3957 832 3965 -
857 3930 1007 3995 Hospitales
1032 3945 1097 3996 pure
1124 3928 1276 3996 religionem
1302 3924 1328 3978 (1

213 4000 265 4049 128.
834 4000 952 4065 accipere
970 3999 1068 4049 debent
1085 3998 1144 4049 210.

176 4094 204 4101 -
216 4067 748 4133 88888188880818188888888818881128.
800 4068 873 4117 Μ1118
891 4068 953 4116 anni
970 4076 1030 4118 sunt
1045 4075 1159 4133 tempus,
1181 4080 1315 4132 quousque

178 4136 271 4185 -titur
291 4153 359 4202 papa
380 4137 473 4203 refuga
497 4153 529 4186 ex
551 4136 748 4202 presumpcione
835 4136 907 4185 nistri
924 4138 1041 4201 perversi
1058 4137 1159 4186 suntin
1171 4136 1328 4197 ecclesiam

208 4206 346 4255 temeraria
364 4206 422 4255 350.
835 4204 905 4254 ducti
923 4206 981 4255 392.
