3082 5024
450 448 628 497 onustat
647 448 777 497 INDEX.

130 626 208 668 antur
223 625 295 668 secte
313 630 424 685 quatuor
441 621 499 670 242.
614 648 616 683 ;
640 620 767 668 Erratuut
784 620 887 684 plurimi
903 620 930 669 in
948 619 999 670 fide
1016 624 1074 672 344.

130 686 219 736 tlilios
245 687 352 751 dyaboli
372 705 425 738 nen
447 696 486 739 est
509 690 591 740 honor
614 692 616 727 Ι
641 688 716 737 —cia
733 688 819 738 sidera
835 695 906 739 secte
924 689 964 739 te.

132 757 173 806 83.
614 756 616 809 1
641 757 719 806 Error
741 757 823 807 tocius
844 758 906 807 novi
932 758 1028 809 ordinis
1049 759 1217 826 corrigendus

130 840 158 874 us
174 840 257 874 unum
269 826 378 891 precipit
396 833 422 876 et
433 827 591 876 centrarium
675 834 715 875 est
738 827 797 876 225.

130 900 156 943 at
173 895 230 942 185.
642 922 673 930 -
692 894 847 944 novissimus
863 902 993 945 sectarum
1011 897 1068 946 115.

130 962 318 1026 osolymitanus
344 963 480 1028 episcopus
498 964 590 1014 Petrus
614 968 616 973 ’
642 990 674 998 -
693 970 732 1013 eet
749 963 848 1013 discere
866 970 935 1013 artes
954 964 1117 1015 mechanicas
1134 967 1192 1016 209.

130 1030 206 1080 robus
222 1033 264 1080 et.
642 1058 674 1067 -
692 1032 827 1081 continens
840 1033 906 1081 vivis
918 1042 945 1082 et
957 1035 1064 1084 mortuis
1073 1043 1149 1084 nocet
1158 1035 1217 1084 246.

130 1114 210 1149 tarum
229 1099 327 1149 cristus
344 1102 402 1151 466.
641 1127 673 1136 -—
691 1108 820 1150 sectarum
838 1101 866 1149 iu
883 1103 960 1151 rebus
977 1102 1129 1169 theologicis
1146 1105 1187 1153 60.

130 1169 198 1218 icere
217 1168 296 1218 debet
314 1170 371 1219 261.
613 1174 616 1193 ¹
642 1196 674 1204 -
692 1168 829 1218 diuturnus
846 1170 965 1219 subiacet
976 1172 1099 1236 potestati
1112 1172 1217 1236 dyaboli

130 1238 287 1287 :onsecracio
309 1254 361 1287 non
384 1244 423 1288 est
443 1239 589 1289 necessaria
677 1238 733 1287 115.

641 1333 672 1341 -
692 1306 834 1371 paternalis
852 1314 879 1356 et
896 1308 1027 1373 generalis
1043 1310 1101 1359 353.

130 1375 239 1440 expulso
255 1374 327 1425 locus
350 1376 467 1426 sarrccior
486 1376 590 1426 videtur
613 1412 615 1451 3
642 1390 730 1423 -renr
746 1391 821 1425 suum
834 1384 904 1425 secte
917 1391 949 1425 ex
960 1376 1160 1427 confirmacione
1171 1392 1217 1443 pu·

674 1443 727 1508 pali
744 1443 897 1494 confirmant
914 1446 972 1494 240.

130 1529 141 1561 1
162 1527 179 1560 a
205 1512 255 1562 deo
273 1512 418 1562 institutum
436 1528 493 1564 esse
510 1529 589 1578 opera
613 1496 615 1531 ¹
640 1512 667 1561 in
685 1527 773 1562 -renr
792 1513 866 1563 multi
884 1513 917 1563 de
935 1512 1036 1563 duobus
1060 1514 1134 1580 papis
1150 1513 1217 1579 lapsi

132 1587 176 1630 tur
192 1581 250 1630 256.
674 1590 735 1631 ettnt
754 1582 810 1631 119,

130 1648 309 1699 confirmacio
322 1650 439 1699 veritatis
450 1650 510 1699 fidei
527 1667 589 1715 que·
640 1648 665 1696 in
685 1665 746 1699 —re
764 1650 902 1715 participes
923 1658 985 1701 sttnt
1006 1666 1095 1700 ornnes
1113 1650 1216 1701 ordines

130 1718 187 1768 262.
675 1719 736 1768 novi
754 1720 812 1769 225.

130 1786 269 1837 assidentes
286 1787 312 1835 in
326 1787 415 1837 castris
428 1787 589 1838 dominorum
613 1778 615 1819 ἶ
642 1803 715 1836 -res
733 1798 861 1837 sectarum
883 1790 945 1850 1743
966 1788 1026 1853 1153
1044 1790 1101 1839 353.

130 1855 229 1905 tralinm
248 1857 306 1904 683.
613 1868 615 1881 ·
641 1882 672 1890 -
691 1856 800 1905 fratrum
817 1858 858 1907 35.

130 1924 202 1974 relati
220 1924 391 1974 adversantur
409 1924 490 1975 Cristo
509 1927 567 1974 612.
613 1916 615 1929 '
641 1950 672 1959 —
691 1925 737 1989 qtri
754 1925 888 1990 episcopos
905 1940 1024 1975 cesareos
1044 1934 1217 1976 consecuntur

130 1992 202 2042 relati
220 1993 336 2057 perversi
354 1994 380 2042 in
398 1994 472 2058 lupos
496 1995 554 2043 612.
675 1994 733 2042 260.

130 2068 177 2110 ant
185 2061 360 2126 predicatores
368 2062 519 2127 sophisticos
531 2063 589 2113 263.
641 2088 672 2096 -
692 2069 812 2111 cocantes
830 2062 967 2111 ecclesiam
988 2063 1044 2112 116.

130 2130 179 2180 iter
196 2131 283 2179 ferunt
301 2131 494 2181 ouliuacionem
515 2130 590 2181 Cristi
613 2124 616 2133 ⁴
641 2130 774 2196 —patuli
797 2130 938 2180 creduntur
960 2142 1092 2196 tanlquam
1114 2132 1217 2181 articuli

130 2216 153 2248 m
170 2200 229 2248 262.
674 2198 737 2248 fidei
752 2200 810 2249 260.

130 2274 176 2317 tter
192 2267 304 2317 audiunt
321 2268 410 2317 missae
428 2269 486 2318 262.
613 2266 615 2313 i
641 2284 731 2316 -ruur
749 2276 877 2317 sectarunt
895 2267 996 2316 radices
1007 2267 1145 2318 scrittande
1157 2270 1215 2318 353.

130 2336 173 2385 sie
200 2336 290 2386 utilius
316 2342 418 2402 tempus
442 2337 589 2402 expendere
613 2376 615 2383 .
642 2337 745 2385 —ribus
762 2343 891 2386 sectarum
909 2336 1066 2385 obviandum
1084 2344 1124 2386 est
1141 2337 1200 2388 289.

130 2412 153 2453 rt
169 2406 228 2454 263.
641 2431 672 2440 —
692 2404 780 2454 multis
796 2411 867 2454 secte
885 2420 913 2453 se
931 2404 1065 2468 implicent
1082 2407 1140 2456 305.

130 2473 162 2523 rei
180 2473 242 2538 quid
261 2474 310 2522 sibi
328 2474 484 2523 resonarint
502 2475 560 2524 260.
613 2500 616 2525 r
641 2473 765 2522 Eeenoia
781 2473 904 2522 trinitatis
921 2482 996 2537 pater
1014 2481 1053 2523 est
1073 2476 1128 2524 163.

130 2542 163 2592 usi
171 2557 271 2591 errores
279 2550 453 2592 consecuntur
461 2544 520 2593 260.
613 2546 616 2632 p
641 2543 739 2591 Eterua
764 2541 879 2606 perdicio
901 2548 1030 2591 sectarunt
1047 2559 1100 2592 non
1124 2543 1216 2593 donui-

130 2626 139 2659 t
157 2610 290 2659 dinrittunt
305 2612 363 2660 262.
613 2640 615 2669 Ι
674 2617 712 2659 tat
730 2611 770 2659 33.

130 2694 257 2744 expensas
275 2679 384 2729 ecclesie
406 2680 508 2729 onerosi
529 2688 588 2729 sunt
613 2680 615 2761 j
641 2707 672 2713 -
691 2687 751 2728 sunt
768 2678 887 2743 decalogi
905 2678 1029 2729 mandata
1051 2680 1107 2729 122.

613 2808 615 2819 Ι
640 2747 806 2813 Etymologia
823 2747 1000 2812 nigrornancie
1019 2750 1077 2799 100.

130 2816 218 2865 nomas
236 2831 317 2865 novas
335 2817 501 2866 introducunt
519 2818 576 2866 262.
641 2844 672 2852 -
691 2815 864 2881 philornaneie
883 2816 940 2866 100.

130 2901 170 2934 um
187 2900 279 2949 pugno
296 2886 435 2950 corporalis
456 2887 514 2935 219.
613 2906 615 2933 :
641 2912 673 2920 -
692 2884 893 2935 ruendicacionis
911 2885 968 2934 191.

130 2974 134 3002 t
151 2954 286 3003 sensibilia
303 2955 466 3019 superfluunt
483 2956 541 3005 259.
613 2938 615 2973 ¹
640 2953 805 3003 Euclraristia
822 2952 932 3002 fundata
944 2952 1084 3004 infideliter
1100 2970 1157 3005 esse
1175 2972 1216 3004 co-

130 3037 228 3072 rsorum
246 3023 383 3088 privilegia
400 3023 501 3072 infinita
519 3024 576 3074 260.
674 3022 714 3071 lor
730 3022 772 3072 vel
791 3022 875 3088 figura
892 3024 951 3072 304.
985 3074 987 3085 Ι

130 3106 168 3140 »ne
190 3092 246 3140 vita
268 3093 410 3155 apostolica
433 3099 460 3141 et
477 3108 589 3142 commu·
613 3100 615 3107 ’
641 3106 717 3140 -am
735 3091 852 3155 accipere
870 3092 928 3141 364.

130 3161 178 3209 160.
613 3152 615 3171 ¹
640 3161 667 3208 iu
686 3159 745 3209 -ia
762 3160 824 3209 unio
843 3158 919 3208 Gristi
941 3175 1001 3209 curu
1023 3161 1134 3211 ecclesia
1151 3162 1215 3229 figu-

130 3244 140 3277 2
157 3228 277 3293 proprius
294 3229 352 3278 262.
675 3235 747 3277 ratur
764 3228 821 3278 622.

130 3297 219 3346 nacula
237 3303 366 3346 sectarum
385 3298 425 3347 to.
640 3297 755 3346 Ettsebia
772 3296 834 3362 quid
852 3302 891 3346 est
906 3297 964 3346 223.

139 3371 209 3415 secte
228 3367 329 3415 macule
346 3367 487 3415 convivunt
505 3367 545 3416 to.
613 3394 615 3435 3
640 3367 777 3415 Evacuare
795 3364 873 3414 debet
891 3365 1002 3414 ecclesia
1013 3373 1098 3417 sectas
1111 3375 1216 3432 propter

130 3449 168 3483 tra
190 3433 315 3483 moderna
340 3435 502 3485 sacerdotnm
529 3451 588 3484 con·
675 3434 813 3482 sanitatem
829 3448 904 3482 suam
922 3435 979 3484 352.

130 3519 164 3552 ur
180 3504 238 3552 614.
642 3530 671 3538 -
692 3502 884 3567 strperfluitates
902 3502 1054 3552 intrinsecas
1071 3504 1129 3552 352.

130 3572 195 3620 titur
215 3577 287 3620 secta
309 3571 458 3620 humanitus
481 3571 589 3621 iuventa
641 3573 792 3636 Evagantes
809 3585 825 3619 a
842 3576 914 3620 secta
931 3570 1007 3620 Gristi
1026 3573 1082 3621 145.

641 3641 759 3688 Eretrtus
777 3639 851 3688 multi
869 3639 903 3688 ad
914 3639 1011 3688 benum
1028 3640 1137 3689 ecclesie
1155 3656 1215 3690 eve-

130 3724 150 3757 'e
168 3714 239 3758 secte
258 3709 298 3757 13.
613 3682 615 3775 i
674 3709 750 3757 ninnt
768 3709 826 3757 586.

137 3777 220 3826 crucis
239 3777 300 3836 5153
318 3779 374 3826 536.
641 3804 672 3812 -
691 3777 815 3826 instinc-tu
837 3776 907 3825 curie
931 3776 958 3824 in
975 3776 1099 3841 Anglicos
1116 3778 1215 3827 contin·

130 3846 153 3894 ia
171 3845 269 3894 domini
288 3846 344 3894 102.
675 3861 739 3911 gens
757 3847 814 3895 589.
937 3894 942 3905 ,

130 3913 588 3979 potestcristiannsintellectum125.
612 3956 615 3973 .
641 3913 785 3963 Erideucia
802 3912 917 3978 neophiti
934 3912 967 3962 ad
980 3913 1136 3963 credendum
1157 3916 1213 3964 1'16.

130 3989 204 4032 »otest
215 3997 284 4046 papa
301 3983 328 4031 in
340 3982 483 4032 canonibus
495 3990 522 4032 ct
533 3983 588 4032 bul·
641 4009 673 4018 -
692 3982 765 4032 trulla
781 3981 911 4031 infidelior
928 3988 966 4031 est
984 3982 1116 4032 anticristo
1133 3984 1192 4033 216.

132 4089 137 4100 .
641 4078 673 4086 -
692 4051 725 4100 de
741 4051 839 4100 ieiunio
857 4050 1008 4100 curtialt.

130 4135 195 4184 pere,
213 4119 307 4181 annno,
325 4134 443 4168 sermone
461 4121 519 4169 343.
613 4132 615 4139 ¹
641 4146 672 4155 -
691 4119 832 4184 probabilis
840 4118 910 4184 quod
922 4119 1002 4168 simus
1014 4119 1046 4168 de
1059 4126 1130 4169 secta
1140 4119 1216 4170 Cristi

130 4194 171 4237 rnt
180 4187 290 4253 apostoli
298 4188 324 4236 in
333 4189 447 4237 moribus
456 4196 483 4237 et
491 4189 535 4238 via
547 4190 587 4238 68.
612 4150 614 4242 i
674 4188 731 4238 2¹15.
