3082 5024
716 449 895 499 GENERAL
915 449 1044 498 INDEX.

532 616 568 670 11.

265 758 346 808 Racio
356 757 466 823 duplicis
474 758 571 808 vinculi
583 759 677 808 amoris
685 757 845 807 contrahitur

300 828 326 876 16
345 827 424 877 tercio
442 827 547 877 vinculo
568 829 624 878 169.

266 924 297 932 -
316 901 407 946 contra
425 894 536 945 066166
554 901 581 945 61
592 896 679 960 legem
691 911 765 945 suam
784 897 842 946 198.

267 992 297 1001 -
316 964 456 1014 necessitat
473 964 506 1013 ad
519 970 604 1014 sectas
616 965 770 1032 fugiendum
784 965 841 1015 302.

265 1039 446 1083 -sectarum
468 1034 608 1084 necessitat
631 1034 740 1100 diligere
758 1040 843 1100 patro·

298 1118 361 1151 666
378 1118 454 1151 suum
472 1103 513 1152 22.

267 1198 298 1207 -
317 1171 436 1221 ordinum
454 1170 487 1220 de
504 1172 586 1222 tribus
602 1172 714 1222 statibus
732 1173 772 1223 61.

266 1266 296 1274 -
316 1247 343 1289 61
360 1240 487 1305 scriptura
504 1241 559 1290 sole
577 1241 734 1290 6666611161
754 1242 810 1292 148.

266 1309 368 1357 —cioni
379 1314 440 1358 sunt
453 1323 515 1374 sepe
527 1310 658 1359 contraria
669 1310 771 1375 privata
783 1325 841 1359 con·

299 1377 358 1426 siha
376 1378 434 1428 286.

264 1447 399 1495 -cionem
430 1446 549 1496 ordinum
578 1446 678 1514 fingere
708 1454 747 1497 est
776 1446 841 1496 diffi-

300 1515 409 1565 611621.

264 1611 296 1618 -
315 1583 391 1633 modo
412 1584 532 1634 vivacem
555 1584 597 1633 vel
620 1585 746 1650 scripture
764 1584 842 1634 fidem

297 1652 390 1700 Wiclif
404 1658 524 1718 acceptat
541 1654 599 1703 256.

263 1727 353 1770 contra
376 1748 407 1756 -
434 1722 456 1771 si
481 1721 597 1786 prelatus
623 1721 692 1771 istud
719 1730 746 1772 et
771 1721 842 1771 aliud

297 1788 415 1848 mandat,
438 1806 490 1838 non
513 1790 620 1839 mandat
637 1790 686 1839 nisi
703 1798 733 1841 61
750 1790 842 1841 devius

299 1862 326 1906 et
343 1858 440 1906 insanis
458 1859 516 1908 901.

264 1926 373 1976 -61666
390 1927 565 1977 infundabiles
581 1927 704 1978 videntur
721 1928 842 1994 Hospita·

299 1994 357 2043 larii
374 1996 432 2045 210.

265 2091 297 2098 -
314 2064 442 2128 probabili
460 2063 525 2113 deus
542 2064 630 2114 omnia
648 2065 710 2115 fecit
727 2067 767 2115 25.

264 2132 385 2182 -616666
397 2132 560 2198 exemplares
572 2133 687 2183 omnium
697 2133 841 2184 fiendorum

298 2201 399 2251 Gristus
417 2200 496 2251 hahet
513 2203 571 2251 265.

263 2297 295 2304 -
308 2285 398 2320 omnes
410 2271 497 2319 anima
507 2270 583 2320 Gristi
594 2271 689 2321 clarius
697 2271 770 2321 ridet
782 2272 840 2322 266.

263 2369 294 2377 -
313 2344 442 2388 sectarum
460 2356 505 2404 pro
523 2354 572 2388 sua
588 2339 746 2390 fundacione
764 2341 805 2390 29.

261 2407 289 2456 16
310 2407 473 2457 Racionabili
494 2408 674 2459 subtraccione
700 2415 841 2458 stercorum
866 2464 868 2473 ¹

296 2475 378 2525 honor
395 2482 422 2526 61
439 2491 511 2525 amor
528 2476 645 2528 consistit
663 2479 720 2528 121.
866 2476 868 2481 '

262 2543 404 2594 Racionale
422 2545 519 2595 animal
539 2546 579 2596 18.

263 2613 347 2663 Radix
366 2613 458 2663 ficticia
476 2614 632 2680 relim'ouum
650 2614 742 2680 privat.
762 2616 819 2666 551.

265 2709 294 2717 -
314 2682 443 2732 66616611
460 2689 530 2734 66616
549 2684 685 2734 6661352.

264 2776 294 2785 -
314 2751 369 2800 sive
388 2751 501 2800 anchora
519 2767 578 2817 spes
597 2752 637 2802 19.

265 2819 368 2867 -dices
378 2835 492 2869 ermmm
502 2827 631 2870 sectarum
637 2821 775 2871 scrutanda
781 2823 839 2872 953.

263 2914 295 2923 -
313 2894 442 2937 sectarum
460 2889 589 2952 quomodo
607 2905 720 2940 consone
737 2890 841 2940 veritati

297 2956 407 3005 ecclesio
426 2957 484 3006 959.

262 3024 366 3088 Rapere
383 3024 479 3073 liberos
496 3025 605 3091 proximi
625 3027 681 3075 142.

262 3092 365 3157 Rapina
385 3092 495 3142 fratrum
518 3092 622 3143 excedit
643 3094 784 3144 violentam
801 3110 841 3144 ra-

295 3161 384 3227 pinam
402 3161 517 3211 demonii
534 3162 670 3212 meridiani
687 3164 797 3213 20-21.

264 3256 294 3265 -
313 3230 422 3279 fratrum
440 3230 520 3296 impia
538 3237 565 3280 61
583 3231 679 3296 wlpina
697 3232 738 3282 21.

262 3298 357 3364 -6166
375 3297 484 3349 subtiles
501 3300 610 3349 fratrum
628 3303 669 3351 69.

261 3368 362 3432 Raptus
380 3368 438 3417 Elie
460 3369 519 3419 299.

262 3437 360 3486 Beatus
378 3436 512 3487 hominum
531 3438 571 3489 18.

263 3534 294 3542 -
312 3512 480 3570 patronorum
498 3506 563 3571 priv.
582 3507 624 3556 24.

261 3574 384 3625 Rebelles
410 3580 471 3624 sunt
497 3581 568 3626 secte
594 3574 689 3625 indicio
713 3574 788 3625 Oristi
815 3581 842 3624 et

296 3643 461 3709 beneplacito
480 3645 537 3694 903.

263 3738 294 3746 -
313 3711 375 3761 fidei
392 3727 512 3762 coercere
529 3719 638 3779 possunt
655 3711 786 3763 seculares
798 3712 841 3762 1ο-

297 3780 361 3828 mini
380 3781 438 3830 382.

261 3848 396 3898 Recedere
414 3863 430 3897 a
447 3856 519 3899 secta
531 3849 607 3900 Gristi
625 3850 768 3916 irreligiosa
779 3850 841 3899 6161-

297 3917 359 3966 ticia
376 3923 416 3966 est
434 3918 492 3967 651.

263 3985 435 4035 Recesserant
452 3992 523 4035 secte
541 4001 557 4036 a
575 3986 650 4037 Cristi
667 3994 740 4036 secta
757 3987 814 4037 658.

261 4048 394 4118 Recepcio
413 4054 613 4104 elemosinarum
635 4058 692 4106 195.

297 4191 422 4240 facultate
440 4197 480 4240 est
498 4193 538 4241 35.

895 618 1086 670 Reconsiliacio
1109 620 1220 671 ecclesie
1243 627 1303 686 post
1319 622 1378 673 6166
1395 623 1478 688 pollu-

929 689 1032 738 cionem
1050 690 1108 739 261.

896 782 928 794 -
947 758 1143 807 sacramentalis
1162 774 1215 808 non
1233 760 1318 809 omnis
1335 759 1478 812 denuncia-

930 827 969 876 616
988 828 1102 878 661510.

895 895 928 945 ad
954 895 1149 946 Rectitudinem
1175 902 1344 947 revertuntur
1370 899 1478 964 qnidam

930 964 1019 1030 gracia
1036 963 1268 1029 predestinacionis
1287 968 1346 1018 146.

894 1034 991 1084 1166161
1008 1033 1050 1082 vel
1068 1033 1180 1083 vicarius
1201 1034 1323 1101 indigens
1344 1036 1416 1087 socio
1434 1053 1478 1102 po

929 1108 980 1152 test
1008 1102 1141 1168 requirere
1170 1103 1332 1153 sacerdotem
1361 1104 1478 1155 habilem

929 1170 1061 1236 religionis
1084 1171 1186 1236 private
1207 1179 1234 1220 et
1250 1173 1415 1224 sacerdotem
1433 1173 1478 1223 ha-

928 1239 1008 1288 bilem
1026 1239 1171 1290 secularem
1189 1241 1248 1291 506.

895 1308 1068 1373 Redargunnt
1084 1324 1112 1358 se
1130 1309 1223 1359 fratres
1244 1311 1285 1360 95.

894 1377 1053 1442 1161666616
1088 1377 1185 1427 domini
1225 1378 1312 1443 quoad
1347 1379 1478 1430 sufficieu-

929 1446 996 1495 ciam
1015 1446 1056 1495 31.

893 1514 1053 1579 Redemptor
1071 1515 1186 1564 omnium
1205 1514 1363 1567 06616619.

893 1584 920 1632 16
938 1582 1084 1634 Reddenda
1105 1585 1210 1634 racione
1232 1583 1309 1634 homo
1331 1585 1477 1652 obligacior

894 1720 1022 1771 Redditus
1056 1721 1158 1770 comitis
1192 1720 1324 1772 excedunt
1357 1730 1477 1789 sumptus

928 1797 999 1840 secte
1017 1797 1110 1854 quarte
1131 1791 1190 1840 258.

895 1884 927 1894 -
945 1857 1095 1923 temporalis
1113 1859 1263 1921 symoniace
1281 1859 1378 1910 emitur
1396 1862 1454 1911 166.

895 1953 926 1963 -
946 1927 990 1992 qui
1008 1927 1061 1975 iam
1078 1932 1138 1976 sunt
1155 1927 1182 1976 in
1199 1943 1281 1978 manu
1296 1934 1401 1978 mortua
1417 1930 1476 1980 424.

894 2023 926 2032 -
945 1995 1075 2045 seculares
1092 1995 1278 2046 monachorum
1298 1997 1356 2047 131.

895 2064 1014 2114 Reditari
1030 2070 1119 2130 posset
1129 2079 1240 2131 regnum
1252 2065 1398 2116 secundum
1410 2066 1476 2116 ordi-

928 2133 1066 2182 nacionem
1084 2132 1182 2183 domini
1200 2135 1259 2184 389.

893 2201 1026 2251 Reduccio
1049 2208 1178 2252 sectarum
1200 2203 1228 2251 in
1250 2202 1358 2253 unicam
1376 2210 1475 2254 sectam

928 2270 1003 2320 Cristi
1021 2271 1062 2320 23.

894 2367 926 2374 -
938 2338 1028 2404 populi
1038 2338 1071 2387 ad
1080 2339 1209 2389 unitatem
1219 2345 1247 2389 61
1254 2339 1422 2390 concordiam
1433 2343 1474 2390 99.

895 2434 926 2444 —-
945 2407 1035 2473 populi
1042 2407 1076 2456 ad
1085 2407 1219 2459 meliorem
1229 2407 1424 2460 ordinacionem
1434 2411 1474 2460 98.

866 2506 868 2529 ι
893 2476 1029 2526 Reducere
1047 2482 1131 2526 666166
1148 2476 1182 2525 61
1200 2492 1315 2527 canones
1327 2477 1405 2527 cristi
1416 2478 1474 2528 248.

866 2542 868 2553 “
895 2544 1049 2594 —ordines
1072 2545 1190 2595 novellos
1211 2545 1245 2595 61
1265 2560 1360 2611 puram
1375 2552 1475 2596 sectam

928 2613 1081 2663 06611224.

894 2682 1004 2732 -66611
1013 2681 1116 2732 suntad
1126 2697 1224 2732 meram
1234 2681 1311 2733 Crlsti
1319 2683 1476 2749 religionem

928 2751 1031 2802 ordines
1049 2752 1090 2803 60.

893 2819 1084 2870 Redundancia
1100 2820 1222 2870 facinoris
1237 2820 1347 2871 fratrum
1364 2821 1392 2871 in
1410 2820 1476 2871 ordi·

929 2904 990 2938 nem
1012 2890 1053 2938 56.

893 2957 1096 3008 Refereudarius
1118 2957 1186 3023 regis
1209 2957 1336 3007 discretus
1362 2957 1426 3009 dicit
1448 2960 1476 3008 in

927 3026 1099 3092 parliamento
1126 3026 1242 3091 publico,
1269 3026 1341 3090 quod
1368 3027 1401 3076 de
1424 3027 1476 3078 1116

928 3101 1029 3160 oportet
1046 3094 1151 3144 obedire
1170 3095 1219 3145 deo
1237 3095 1322 3161 magis
1338 3111 1418 3161 quam
1431 3096 1475 3146 ho-

927 3163 991 3212 mini
1010 3164 1068 3212 283.

893 3232 999 3297 Refnga
1015 3247 1085 3296 papa
1104 3232 1162 3281 128.

894 3327 926 3336 -
944 3314 1014 3365 6666
1031 3300 1139 3349 incurrit
1156 3298 1293 3364 multiplex
1306 3299 1477 3351 homicidium

927 3369 1065 3419 citatorum
1084 3369 1142 3419 552.

895 3465 926 3473 -
936 3453 1005 3502 6666
1014 3453 1046 3487 ex
1054 3437 1252 3502 presumpcione
1258 3438 1401 3488 temeraria
1405 3454 1478 3489 men-

928 3506 992 3555 titur
1009 3507 1068 3556 350.

895 3603 926 3611 -
949 3574 1071 3624 vendicat
1091 3573 1207 3624 iudicare
1231 3578 1314 3624 totam
1336 3575 1478 3627 ecclesiam

895 3728 1018 3776 —gorum
1038 3711 1167 3761 instancia
1185 3711 1244 3761 392.

893 3780 997 3845 Regere
1015 3787 1042 3830 et
1053 3794 1142 3830 creare
1155 3795 1239 3845 genus
1250 3779 1398 3833 humanum
1415 3783 1476 3834 206.

893 3849 1004 3914 Regiam
1022 3856 1120 3899 sectam
1137 3849 1267 3899 dimittere
1286 3849 1345 3900 141.

893 3917 1022 3982 Regimen
1040 3918 1113 3984 regni
1132 3919 1190 3967 241.

893 4013 925 4022 -
948 3986 1091 4035 66666166
1117 3987 1204 4053 legem
1225 3986 1299 4037 verbi
1327 3987 1371 4037 dei
1398 3988 1480 4040 debet

866 4065 869 4117 3
928 4069 985 4103 esse
1003 4055 1152 4121 regulatum
1170 4057 1228 4104 418.

261 4122 384 4172 Recitaro
402 4138 491 4171 omnes
509 4122 613 4173 hereses
631 4125 739 4174 fratrum
751 4125 842 4173 nonin

895 4150 926 4160 -
944 4123 1046 4174 nullum
1063 4124 1111 4174 sub
1128 4138 1240 4188 persona
1257 4130 1345 4189 potest
1361 4127 1420 4192 regi
1437 4143 1479 4178 sa·

867 4226 869 4230 ,
928 4192 1030 4257 pienter
1046 4192 1189 4243 secundum
1207 4208 1346 4244 numerum
1366 4197 1426 4246 418.
