3082 5024
169 451 231 510 798

167 618 275 667 Patroni
293 624 421 668 sectarum
435 620 518 685 ignari
531 626 558 669 et
574 619 661 670 stolidi
678 634 745 670 erra·

203 692 299 736 vemnt
311 687 368 737 705.
388 737 392 746 Δ

170 783 202 791 -
221 755 330 804 sonasse
348 756 380 806 de
398 765 474 806 reatu
491 757 661 821 penituerunt
678 758 719 807 24.

170 851 200 860 -
222 831 248 873 ot
265 824 356 890 regule
378 831 507 874 sectarum
530 826 615 876 minus
638 826 746 891 perfecti

172 989 203 997 -
222 961 317 1026 privati
334 961 462 1011 notabiles
479 969 629 1028 peccatores
647 966 688 1014 39.

171 1058 202 1065 -
216 1030 310 1095 privati
319 1030 423 1095 privant
432 1048 460 1081 se
470 1039 496 1081 et
505 1039 589 1082 sectas
598 1033 690 1082 merito
704 1033 745 1082 92.

170 1125 202 1134 -
222 1098 317 1164 privati
328 1106 388 1148 sunt
397 1107 472 1150 extra
479 1099 557 1151 fidem
567 1101 692 1167 scripture
704 1102 746 1151 24.

174 1196 202 1203 -
222 1167 286 1232 priv.
316 1167 444 1217 inducunt
471 1170 586 1234 apocrifa
614 1171 643 1219 in
669 1170 747 1220 sectis

205 1243 338 1301 tamquam
355 1236 433 1287 fidem
452 1239 492 1288 24.

171 1331 203 1340 -
222 1304 356 1354 excellunt
372 1306 466 1357 multos
484 1307 658 1357 duodenarios
676 1308 734 1358 704.

171 1400 202 1409 -
222 1379 352 1423 sectamm
370 1374 487 1425 homines
504 1376 616 1426 oderunt
632 1377 691 1426 250.

172 1469 203 1478 -
222 1458 284 1491 num
302 1443 329 1491 in
351 1442 494 1495 ordinando
516 1452 600 1494 sectas
623 1460 748 1510 peccave·

205 1516 266 1560 runt
283 1512 341 1561 704.

172 1595 317 1629 -onorum
335 1580 438 1630 ordines
455 1581 535 1630 nichil
552 1582 643 1631 valent
659 1584 717 1632 468.

117 1646 119 1652 ’
173 1676 205 1684 -
223 1647 327 1697 habitus
344 1649 406 1698 novi
424 1650 482 1699 704.

172 1744 204 1753 -
223 1716 314 1783 regule
333 1733 400 1767 nore
419 1718 476 1767 704.

173 1812 203 1820 -
222 1792 351 1834 sectarum
370 1785 462 1836 stolide
480 1787 642 1852 presumpcio
661 1790 718 1839 704.

173 1881 204 1889 -
235 1853 395 1918 privatorum
424 1855 515 1922 religio
545 1857 636 1906 melior
668 1872 748 1922 quam

207 1921 283 1971 Cristi
301 1924 342 1972 34,

173 2017 205 2026 -
223 1991 347 2040 sanctitas
366 1993 422 2041 176.

173 2087 204 2095 -
224 2059 375 2124 ignorancia
391 2059 457 2126 legis
475 2061 551 2111 Gristi
569 2064 610 2112 96.

172 2155 205 2163 -
224 2127 316 2194 regula
332 2145 385 2178 non
402 2129 472 2179 utilis
490 2131 548 2181 300.

172 2210 188 2246 6
206 2223 237 2232 -
257 2197 302 2246 via
318 2197 483 2248 declinarunt
499 2200 608 2249 abbacie
627 2201 684 2250 134.

172 2265 263 2314 -onis
273 2265 370 2315 Gristus
383 2283 435 2316 non
452 2267 525 2317 dedit
535 2268 701 2334 privilegium
710 2285 748 2318 or-

207 2333 280 2383 dines
299 2335 450 2385 instituendi
475 2337 533 2386 266.

173 2418 270 2452 -onos
287 2418 356 2468 papa
374 2405 509 2454 canonizat
533 2405 589 2455 177.

171 2471 205 2520 06
224 2473 314 2522 -onis
331 2489 383 2522 non
402 2480 441 2522 est
458 2474 522 2523 fides
544 2476 598 2524 177.

172 2540 254 2589 Pauci
272 2541 390 2590 timorem
409 2541 506 2591 domini
522 2542 656 2608 possident
672 2544 731 2594 226.

172 2634 205 2644 -
214 2615 275 2657 sunt
288 2610 470 2660 nominetenus
479 2610 594 2673 heretici,
604 2612 649 2678 qui
658 2620 749 2677 postea

206 2677 312 2727 stabunt
330 2680 387 2728 397.

170 2772 203 2782 -
223 2745 314 2796 fideles
332 2747 418 2796 vocati
438 2755 498 2797 sunt
516 2748 624 2798 heretici
641 2764 657 2799 a
674 2754 749 2814 parte

205 2816 334 2864 contraria
351 2816 476 2865 anticristi
494 2818 552 2867 397.

171 2882 309 2932 Paulative
326 2885 418 2934 crescit
433 2886 568 2935 sentencia
585 2886 675 2936 divina
690 2888 748 2938 270.

171 2950 270 3000 Ρ66166
287 2950 319 3000 06
337 2959 409 3002 secta
426 2951 604 3017 phariseorum
623 2956 679 3005 174.

173 3046 204 3055 -
224 3019 257 3069 06
276 3021 470 3070 mendicacione
491 3023 547 3072 197.

170 3115 204 3123 -
223 3104 275 3137 666
288 3089 403 3139 audebat
421 3106 467 3155 per
478 3106 506 3140 se
524 3097 608 3141 sectas
625 3091 748 3158 colligere

171 3252 203 3261 -
222 3240 363 3275 conversus
379 3240 396 3274 a
412 3233 484 3276 secta
496 3227 670 3292 phariseorum
690 3230 748 3279 353.

172 3321 203 3329 —-
222 3310 274 3343 non
292 3294 407 3344 audebat
424 3294 534 3345 fundare
552 3312 633 3346 novos
645 3297 749 3348 ordines

170 3458 204 3466 —
223 3432 344 3498 reprobat
362 3431 506 3482 Corinthios
522 3440 627 3499 propter
638 3433 749 3484 schisma

172 3595 203 3604 -
222 3576 327 3619 secutus
346 3576 385 3618 est
402 3570 489 3619 Iesum
508 3569 619 3620 cristam
637 3574 695 3622 301.

171 3665 203 3674 ·—
222 3645 312 3688 contra
329 3638 416 3688 Iesum
435 3639 624 3703 blasphemavit
642 3641 699 3691 702.

171 3733 203 3742 -
224 3706 300 3756 Petro
318 3707 412 3756 restitit
429 3709 487 3757 668.

171 3801 204 3811 ·-
227 3776 342 3825 servavit
363 3782 453 3826 contra
475 3777 582 3826 Petrum
609 3777 747 3843 ewangelii

206 3842 352 3893 libertatern
371 3846 429 3895 668.

171 3937 202 3947 -
222 3913 275 3961 suis
293 3913 412 3963 manibus
429 3913 559 3963 laboravit
577 3915 634 3965 708.

170 4005 203 4015 -
222 3981 267 4030 wlt
292 3986 376 4031 sectas
402 3982 429 4030 in
451 3997 530 4032 unam
552 3989 650 4033 sectam
673 3981 748 4034 Cristi

205 4049 329 4100 reducere
348 4052 388 4100 23.

169 4143 203 4152 -
221 4118 376 4183 splendebat
392 4119 484 4183 spiritu
500 4120 650 4185 prophetico
669 4122 709 4170 38.

605 447 788 497 GENEBAL
808 448 938 496 INDEX.

799 617 896 666 Paulus
914 624 941 667 et
953 618 1062 683 apostoli
1074 634 1128 667 non
1145 618 1282 670 audebant
1299 620 1377 669 subti-

832 687 896 736 liare
915 687 955 736 97.

800 754 850 803 -li
868 755 949 804 verba
966 754 999 805 de
1016 756 1094 806 sectis
1111 759 1152 806 33.

799 851 831 858 -
850 824 1009 873 mendicacio
1028 826 1084 875 197.

799 918 831 928 -
849 892 985 958 multiplex
1001 893 1129 943 confessio
1147 895 1205 944 686.

799 961 903 1026 Pauper
920 961 974 1010 vita
991 962 1142 1012 clericorum
1161 962 1240 1012 Cristi
1258 965 1300 1012 95.

799 1030 900 1094 —peris
918 1030 1072 1096 euangelici
1090 1030 1254 1081 mendicacio
1275 1033 1332 1082 191.

800 1125 831 1133 -
849 1098 973 1163 spoliacio
991 1114 1038 1164 per
1054 1099 1163 1166 tallagia
1181 1101 1241 1150 246.

800 1182 922 1233 —perem
939 1168 1020 1217 vitam
1039 1169 1179 1217 observant
1197 1168 1293 1219 iratres
1311 1172 1353 1219 94.

798 1236 941 1285 secundum
963 1263 994 1273 -
1014 1237 1094 1287 vitam
1120 1236 1206 1287 clerus
1233 1239 1382 1288 contentari

834 1305 912 1354 debet
933 1305 991 1354 245.

800 1387 909 1438 —peres
926 1373 1095 1423 calliditatem
1113 1374 1221 1424 iratmrn
1234 1391 1289 1424 non
1301 1377 1383 1441 perci-

835 1441 909 1506 piunt
927 1442 985 1492 254.

801 1537 831 1545 -
850 1526 942 1575 perse
960 1526 1070 1576 persone
1087 1518 1217 1561 sectarum
1241 1520 1305 1562 sunt
1323 1514 1381 1562 253.

800 1606 831 1613 -
842 1578 930 1628 infide
943 1586 970 1628 et
979 1580 1092 1629 moribus
1100 1580 1264 1631 seducuntur
1273 1596 1290 1631 a
1299 1582 1383 1631 iratri-

834 1647 882 1696 bus
900 1648 958 1698 254.

800 1743 832 1752 -
850 1716 957 1781 plebeos
974 1717 1088 1782 spoliant
1105 1718 1198 1768 fratres
1216 1719 1260 1768 69.

800 1811 832 1820 -
851 1785 950 1834 debiles
967 1785 1074 1835 claudos
1091 1792 1118 1836 et
1135 1801 1210 1837 cecos
1228 1787 1322 1836 iuvare
1341 1788 1382 1836 47.

801 1881 829 1889 -
851 1853 1012 1903 seducuntur
1031 1856 1087 1905 193.

800 1948 834 1957 -
847 1922 942 1987 Anglie
959 1931 1046 1987 preter
1057 1923 1143 1990 legem
1157 1923 1258 1973 domiui
1272 1939 1382 1974 oneran-

835 1997 877 2040 tur
891 1991 949 2040 244.

800 2087 832 2094 -
852 2060 926 2125 regni
937 2075 1017 2124 supra
1028 2061 1145 2111 raciones
1157 2061 1305 2126 spoliantur
1322 2062 1382 2111 244.

801 2154 832 2163 -
852 2127 958 2177 decimis
975 2129 1093 2194 pauculis
1109 2129 1224 2194 spoliant
1234 2130 1329 2180 fratres
1341 2131 1382 2180 72.

800 2223 831 2232 -
852 2197 926 2262 regni
944 2198 1088 2262 spoliantur
1105 2212 1122 2247 a
1138 2199 1216 2248 sectis
1236 2199 1278 2248 42.

801 2292 833 2299 -
852 2281 991 2330 regnorum
1008 2267 1153 2331 spoliantur
1170 2281 1187 2316 a
1199 2267 1324 2317 fratribus
1342 2269 1382 2318 39.

802 2349 926 2398 -pernm
943 2335 1060 2400 rapinam
1078 2335 1200 2385 seduccio
1217 2335 1382 2386 dominorum

834 2402 989 2452 secularium
1007 2403 1106 2453 inducit
1123 2406 1181 2454 251.

804 2497 834 2506 -
852 2472 1007 2536 temporalia
1024 2473 1134 2523 collecta
1146 2473 1173 2522 in
1185 2473 1311 2523 abbacias
1324 2475 1380 2524 134.

805 2567 830 2576 -
852 2539 922 2589 bona
939 2541 1052 2606 paucula
1070 2542 1110 2592 72.

801 2609 827 2658 'm
846 2635 877 2643 -
897 2610 1019 2659 oneribus
1036 2611 1182 2660 consentire
1200 2611 1261 2660 244.

803 2677 940 2742 -peribus
957 2693 1066 2728 onerose
1084 2686 1144 2728 sunt
1161 2685 1233 2729 secte
1252 2682 1294 2731 44.

802 2772 834 2781 -
853 2744 951 2794 Cristus
967 2763 1021 2796 non
1039 2753 1095 2797 erat
1112 2762 1237 2797 onerosus
1259 2750 1317 2799 245.

803 2840 833 2849 -
853 2814 993 2876 debilibus,
1011 2815 1118 2877 claudis,
1137 2816 1205 2866 cecis
1221 2817 1382 2868 ministretur

801 2951 944 3015 Pauperan'
965 2967 1028 3016 sepe
1050 2953 1213 3003 adsalutem
1231 2954 1320 3003 anime
1336 2953 1382 3002 ho·

835 3020 911 3069 minis
928 3027 967 3069 est
987 3022 1044 3070 121.
1320 3036 1321 3039 ’

801 3089 943 3153 Pauperies
960 3094 988 3138 et
1004 3090 1128 3139 sanctitas
1145 3096 1277 3140 sectarum
1295 3091 1335 3141 72.

801 3157 833 3207 06
851 3157 957 3222 -perie
975 3157 1069 3208 iratres
1085 3166 1282 3224 conqueruntur
1299 3162 1339 3209 66.

800 3226 945 3292 Paupertas
963 3227 1126 3293 ewangelica
1143 3229 1184 3278 97.

802 3321 834 3330 -
852 3294 956 3360 spiritus
978 3294 1069 3345 estad
1086 3295 1279 3347 beatitudinem
1296 3298 1381 3363 requi-

834 3363 884 3413 sita
902 3364 960 3414 528.

802 3437 916 3482 -tatem
934 3433 1092 3482 meritoriam
1109 3439 1137 3483 et
1148 3433 1324 3484 voluntariam
1337 3449 1383 3484 ex·

834 3500 916 3550 cludit
932 3500 1046 3550 stulticia
1063 3508 1192 3551 sectarum
1211 3504 1253 3554 43.

800 3575 913 3619 -tatem
933 3568 1120 3636 ewangelicam
1138 3569 1237 3621 Oristus
1255 3573 1385 3622 concessit

800 3706 927 3756 Pansacio
945 3707 1095 3772 temporalis
1111 3708 1139 3757 in
1151 3709 1303 3774 purgatorio
1324 3710 1382 3759 146.

800 3776 855 3825 Pax
867 3774 1007 3840 corporalis
1019 3783 1046 3825 et
1057 3776 1197 3841 spiritualis
1206 3776 1384 3828 discernenda

834 3851 873 3894 est
891 3845 949 3894 215.

801 3941 832 3949 -
851 3913 964 3977 corporis
982 3912 1045 3978 quid
1063 3913 1096 3962 sit
1112 3914 1170 3963 215.

801 4009 832 4018 -
851 3997 929 4046 super
946 3981 1027 4032 lsrael
1046 3983 1103 4032 128.

773 4085 775 4137 l
801 4077 831 4086 —
863 4051 1014 4167 pertppbata
1048 4067 1094 4115 pro
1128 4051 1221 4100 timore
1251 4051 1384 4101 commodi

773 4150 775 4157 ·
835 4133 927 4184 6666.
956 4157 961 4168 .

168 4211 203 4220 -
222 4185 337 4252 loquitur
354 4188 503 4253 prophetice
522 4188 649 4239 desectis
668 4191 708 4241 18.
772 4162 775 4242 Ι
801 4186 979 4252 -spiritnalis
989 4194 1028 4237 est
1037 4187 1311 4253 mentistranquillitas
1321 4190 1382 4239 215.
