3082 5024
209 475 216 487 .
235 439 273 487 II
282 436 286 469 ¹
519 439 573 488 DE
588 438 804 487 RELIGIONE
819 438 979 487 Pennus
999 438 1022 486 I.
1306 443 1368 500 493

248 610 455 690 Assumptnm
487 611 529 671 sic
561 611 712 689 arguitur:
745 610 841 671 omnis
863 622 1080 690 contempnens
1103 611 1215 689 eligere
1236 611 1369 671 medium

179 712 219 774 ti
241 716 352 793 apcius
374 735 432 793 pro
455 715 637 775 execucionc
659 714 813 793 religionis
836 714 1002 774 communis
1025 720 1065 773 utv
1080 715 1123 774 sic
1146 722 1267 793 peccat;
1301 734 1370 774 cum

168 802 171 895 ἶ
265 819 365 877 omnis
396 818 571 895 ingrediens
600 817 776 895 religionem
809 818 960 896 privatam
983 817 1014 875 in
1036 817 1078 877 sic
1102 812 1274 894 eligendo¹⁸
1297 816 1372 876 facit

186 921 336 980 eiusmodi
360 930 577 999 contemptun,
601 921 736 1000 sequitur
758 931 946 998 assumptum
969 919 1170 998 probandum.

162 1102 165 1107 Ι
246 1023 341 1083 Patet
364 1024 585 1102 consequencia
607 1044 676 1084 cum
699 1023 805 1083 maiori
828 1034 858 1083 et
879 1023 977 1083 minor
999 1043 1053 1101 per
1074 1023 1142 1094 hoc,
1171 1023 1251 1102 quod
1274 1022 1369 1081 omnis

160 1124 336 1205 ingrediens
368 1125 547 1203 religionem
579 1127 730 1206 privatam
762 1126 950 1204 contempnit
980 1124 1091 1202 eligere
1122 1126 1255 1186 medium
1292 1124 1370 1185 illud

148 1234 215 1308 {pro
236 1229 427 1289 execucione
450 1228 602 1306 religionis
625 1230 801 1302 communis,
819 1237 830 1298 ΙΙ
847 1228 927 1309 quod
951 1237 1052 1307 patres
1073 1228 1226 1307 primitive
1242 1227 1368 1288 ecclesie

148 1318 229 1392 ¹ante
250 1331 519 1393 introduccionenr
541 1331 693 1408 religionis
716 1333 833 1410 private
856 1341 1050 1392 asseruerunt
1071 1332 1101 1390 in
1122 1350 1212 1409 opere
1228 1350 1292 1391 esse
1308 1350 1368 1390 me·

160 1434 240 1495 diurn
273 1434 526 1494 efficacissimum
556 1433 694 1494 omnibus
724 1435 873 1495 cristianis
910 1453 965 1513 pro
1002 1434 1186 1494 execucionc
1215 1434 1369 1511 religionis

148 1538 343 1602 »communia

694 1745 780 1804 OAP.
804 1744 842 1803 ΙΙ.

243 1914 343 1975 Item:
367 1914 475 1992 religio
491 1915 611 1993 privata
628 1915 758 1975 includit
779 1916 811 1974 in
826 1935 858 1975 se
873 1914 1077 1975 excellencius
1092 1914 1255 1974 stulticiam
1271 1913 1366 1986 illam,

156 2038 251 2098 quarn
284 2018 419 2077 includit
454 2017 487 2077 in
517 2038 548 2078 se
576 2019 640 2078 vita
670 2019 790 2097 privata
821 2018 975 2088 secularis,
1007 2038 1097 2097 quam
1120 2016 1195 2076 facit
1216 2017 1283 2095 ipsa
1305 2017 1368 2077 vita

156 2121 321 2191 secularis
347 2115 435 2179 cum¹
459 2140 531 2197 ergo
550 2120 613 2180 vita
628 2121 749 2199 privata
764 2120 907 2181 secularis
923 2130 1047 2199 propter
1061 2120 1153 2179 telem
1169 2119 1366 2179 inclusionem

157 2238 203 2284 est
226 2223 405 2303 culpabilis,
441 2223 583 2301 sequitur,
607 2223 688 2302 quod
710 2224 815 2301 religio
839 2225 961 2303 privata
983 2232 1107 2301 propter
1128 2222 1301 2283 huiusmodi
1324 2224 1368 2282 in·

148 2326 330 2387 ‚elusionem
352 2335 399 2386 est
421 2325 492 2404 plus
514 2324 684 2404 culpabilis.
727 2302 735 2314 .

247 2430 342 2489 Patet
364 2429 586 2507 consequencia
609 2438 639 2488 et
661 2430 757 2489 minor
779 2449 834 2508 per
856 2429 922 2501 hoc,
947 2427 1027 2507 quod
1048 2422 1129 2487 vita⁹
1148 2428 1268 2506 privata
1284 2448 1367 2487 secu·

164 2533 235 2592 laris
265 2532 397 2592 includit
427 2531 458 2590 in
490 2550 522 2590 se
553 2530 780 2592 observanciam
811 2532 915 2610 regule
943 2531 1074 2591 humane
1097 2530 1262 2591 secundum
1285 2550 1367 2589 men·

168 2654 265 2694 suram
296 2634 392 2705 illam,
426 2653 488 2714 qua
509 2654 608 2695 errore
636 2635 827 2714 perceptibili
849 2635 899 2694 vel
921 2632 1155 2712 imperceptibili
1177 2633 1300 2712 ponitur
1327 2632 1366 2692 ab

173 2735 285 2798 homine
320 2738 353 2798 in
386 2757 451 2798 esse
489 2737 593 2815 regule
624 2738 663 2797 ad
695 2738 868 2798 ducendum
900 2738 1029 2796 viatores
1065 2737 1105 2796 ad
1136 2735 1364 2796 beatitudinem.

148 2836 264 2901 tolleior
291 2861 363 2900 vero
396 2840 440 2900 sic
463 2840 613 2918 arguitur:
645 2861 742 2912 omne,
776 2840 856 2920 quod
878 2840 1008 2900 includit
1029 2841 1060 2899 in
1083 2861 1113 2899 se
1136 2837 1364 2899 observanciam

182 2941 293 3003 stulticie
319 2953 350 3003 et
377 2953 483 3003 votum
513 2941 552 3001 ad
582 2942 667 3003 illam
691 2943 929 3014 observanciam,
957 2941 1086 3002 includit
1107 2942 1139 3000 in
1161 2962 1192 3001 sc
1215 2940 1365 3001 excellen-

187 3042 236 3102 cius
254 3046 413 3106 conticium
436 3045 523 3104 illam
546 3066 636 3125 quam
658 3045 745 3119 illud,
778 3046 858 3126 quod
881 3045 1010 3106 includit
1031 3045 1114 3104 inse
1135 3043 1364 3105 observanciam

191 3141 251 3206 illius
268 3149 397 3209 stulticie
420 3157 452 3207 et
474 3168 535 3207 non
557 3159 661 3208 votnm
684 3148 724 3208 ad
746 3148 844 3220 illam;
874 3170 943 3208 cum
966 3168 1038 3225 ergo
1061 3148 1156 3207 omnis
1178 3147 1284 3224 religio
1306 3148 1366 3226 pri·

196 3260 248 3306 uu
263 3251 388 3311 includit
405 3251 437 3310 in
453 3271 484 3310 se
501 3250 728 3311 observanciam
745 3249 849 3328 regule
864 3251 996 3310 humane
1011 3250 1178 3310 secundum
1193 3270 1365 3309 mensuram

170 3343 265 3422 ullam
283 3375 340 3432 qua
364 3374 464 3413 errore
487 3353 679 3433 perceptibili
701 3353 750 3413 vel
772 3353 1006 3432 imperceptibili
1033 3353 1156 3431 ponitur
1183 3351 1222 3411 ab
1244 3352 1365 3411 homine

204 3445 282 3513 besse
301 3457 403 3534 regule
427 3457 467 3517 ad
490 3456 663 3517 ducendum
678 3457 808 3517 tiatores
831 3455 871 3515 ad
886 3454 1104 3514 beatitudinem
1120 3465 1276 3533 tamquam
1292 3454 1365 3513 stul·

208 3547 275 3614 titiam
294 3568 321 3616 et
340 3570 447 3618 votum
469 3558 509 3618 ad
530 3559 624 3631 illam,
658 3570 688 3618 et
709 3559 773 3619 vita
796 3560 917 3638 privata
939 3558 1082 3617 secularis
1105 3557 1256 3618 includit³
1278 3557 1311 3616 in
1333 3577 1364 3615 se

210 3647 274 3725 ipsam
291 3659 512 3722 observanciam
534 3671 689 3741 tamquam
711 3662 875 3722 stulticiam
898 3662 960 3720 sine
983 3670 1053 3719 voto
1077 3660 1116 3719 ad
1132 3680 1207 3731 cam,
1231 3658 1365 3738 sequitur

215 3755 276 3814 maior
292 3763 448 3838 probanda.

193 3863 213 3910 ³³
272 3859 345 3924 ltcm:
376 3868 470 3926 omnis
492 3866 597 3945 religio
620 3867 758 3945 obligans
781 3888 868 3927 suum
891 3867 1098 3945 professorem,
1132 3864 1204 3923 duro
1227 3875 1272 3924 est
1295 3864 1363 3922 sub-

223 3968 283 3983 Q=s

268 4024 281 4051 ¹⁶
295 4032 399 4096 eligendo
410 4036 471 4104 ACs'l
505 4037 674 4102 ingrediendo
687 4058 703 4088 α

272 4112 327 4162 CAP.
343 4120 378 4166 ΙΙ.
411 4118 607 4191 ¹cumCr1piA¹
619 4125 664 4184 (l)
677 4141 741 4171 corr.
760 4125 825 4171 later
843 4125 893 4171 into
912 4125 951 4170 tlte
969 4127 1020 4170 tent
1055 4123 1135 4168 0li
1205 4117 1362 4176 mirano&

251 4207 304 4244 mm
358 4199 529 4258 ³iuclutlitCu
566 4207 666 4278 ormApi
