3082 5024
279 487 340 544 836

278 654 354 702 Unus
371 653 447 702 horno
456 658 517 702 sunt
525 653 660 718 dampnati
668 652 786 702 homines
796 653 853 701 328.

281 750 310 757 -
331 722 407 771 homo
424 728 485 770 sunt
501 721 595 771 salvati
613 721 730 772 homines
751 722 808 771 323.

281 808 357 841 -um
375 806 468 855 corpus
485 796 525 840 est
543 791 652 856 quilibet
671 806 798 839 novorum
817 806 855 839 or-

314 860 403 909 dinum
421 860 479 909 325.

281 945 349 978 —na
366 928 446 978 debet
462 943 519 978 esse
536 927 600 977 fides
618 928 728 978 ecclesie
745 928 803 978 399.

282 1024 313 1032 -
332 997 396 1047 fides
413 996 511 1046 credita
528 1011 545 1045 a
562 1002 616 1046 toto
628 1012 735 1063 corpore
747 997 856 1047 ecclesio

315 1067 394 1116 dehet
411 1081 467 1115 csse
486 1066 545 1116 360-

281 1164 313 1171 -
332 1134 416 1184 hostia
433 1139 473 1184 est
490 1151 523 1184 ex
541 1134 658 1185 doctrina
676 1134 751 1184 Gristi
769 1135 827 1184 331.

282 1232 314 1240 -
332 1211 462 1254 sectarum
478 1202 574 1253 sufficit
591 1220 651 1268 ymo
663 1203 799 1270 superfluit
816 1205 856 1253 26.

283 1301 314 1308 —
333 1278 408 1339 gutta
424 1288 478 1322 non
495 1280 572 1322 carat
588 1273 703 1339 lapidem
721 1274 779 1324 400.

282 1368 314 1378 -
332 1356 443 1408 persona
460 1340 536 1391 Gristi
553 1343 611 1392 380.

282 1427 360 1460 —um
377 1426 470 1476 corpus
488 1417 527 1460 est
543 1411 671 1461 exercitus
683 1410 787 1474 dyaboli
800 1411 857 1460 325.

283 1508 314 1516 -
332 1495 425 1543 corpus
442 1478 641 1544 dampnatorum
659 1486 686 1529 et
700 1479 859 1529 salvatorum

317 1547 435 1613 prohibet
452 1548 551 1597 invidia
568 1548 673 1612 dyaboli
693 1549 751 1598 323.

283 1617 468 1682 Unusquisque
485 1633 550 1666 onus
567 1633 642 1666 snum
659 1617 772 1682 portabit
789 1617 847 1667 329.

284 1686 406 1736 Urbanus
416 1701 468 1734 non
478 1685 791 1735 auctorizavitcruciatam
801 1686 858 1735 514.

282 1754 386 1819 Urgent
402 1753 494 1803 fideles
510 1754 634 1804 anticristi
652 1760 740 1819 partes
757 1755 814 1804 244.

283 1823 427 1889 Usurpacio
444 1823 556 1873 nominis
573 1823 680 1873 fratrum
699 1824 739 1873 31.

284 1892 353 1942 Usus
380 1891 547 1941 ecclesiarum
570 1908 622 1943 non
645 1891 802 1958 generaliter
824 1892 861 1941 di-

318 1959 436 2011 mittendi
453 1962 511 2011 345.

285 2057 316 2066 -
335 2029 503 2080 ecclesiarum
522 2032 579 2081 345.

285 2125 317 2135 -
335 2098 503 2149 ecclesiarum
528 2105 665 2165 acceptent
686 2099 861 2166 ewangelium

285 2236 403 2302 Uterque
421 2251 547 2301 paparum
565 2235 593 2284 in
610 2235 709 2285 invidia
726 2241 767 2286 est
784 2237 842 2286 460.

285 2305 357 2355 Utile
380 2304 427 2354 uni
448 2319 558 2370 persone
581 2304 707 2371 estquod
724 2305 801 2354 alteri
817 2321 861 2354 no-

319 2373 406 2423 civum
424 2375 482 2424 303.

286 2442 355 2492 -lia
372 2442 506 2492 dimitmm
522 2442 636 2508 episcopi
653 2443 710 2492 262.

288 2512 370 2561 -lius
388 2510 457 2577 quod
475 2517 515 2562 cst
531 2511 578 2561 uui
595 2517 635 2561 est
651 2510 727 2562 alteri
744 2511 862 2561 nocivius

288 2649 392 2698 Utilitas
410 2648 520 2699 ecclesie
537 2648 611 2698 illata
629 2650 669 2699 39.

286 2718 319 2767 de
338 2723 426 2767 -tate
442 2723 556 2766 statuum
578 2717 605 2766 in
623 2717 735 2768 ecclesia
752 2717 863 2769 Gristum

322 2786 509 2835 consulendum
528 2801 585 2835 esse
603 2787 643 2836 61.

288 2855 402 2905 Uxorem
419 2854 528 2920 proximi
545 2854 727 2920 concupiscere
747 2856 803 2906 142.

554 3003 589 3059 V.

288 3130 408 3179 Vacuum
426 3127 480 3177 odit
496 3127 561 3178 dens
581 3129 623 3177 25.

289 3198 393 3247 Vadcre
403 3196 437 3247 ad
445 3196 574 3246 infernum
581 3196 799 3249 etbeatitudinem
806 3200 863 3250 146.

289 3265 454 3334 Vagabunde
471 3272 542 3315 secte
560 3267 601 3315 13.

289 3335 405 3402 Vagacio
423 3340 450 3385 et
465 3334 611 3384 sollicitudo
628 3335 751 3385 secularis
765 3336 864 3386 cultum

324 3405 368 3454 dei
384 3403 529 3469 impediunt
546 3405 603 3454 502.

289 3475 317 3523 in
335 3474 465 3539 vaginam
481 3487 578 3538 ponere
596 3471 712 3538 gladium
729 3474 788 3523 283.

291 3542 419 3592 Valeucia
435 3547 463 3591 et
478 3541 558 3591 inicia
573 3547 703 3591 sectarum
721 3542 761 3591 13.

291 3611 399 3660 Validos
415 3609 564 3660 mendicare
581 3626 634 3661 non
651 3610 727 3660 decet
744 3612 802 3661 336.

292 3680 417 3729 -dorurn
435 3679 595 3729 mendicacio
615 3681 671 3729 196.

292 3750 368 3799 Vana
385 3748 477 3814 religio
494 3749 601 3797 fratrum
620 3751 660 3798 48.

293 3844 325 3854 -
344 3817 427 3883 gloria
444 3823 572 3866 sectarum
594 3818 652 3867 303.

292 3886 413 3936 Variacio
433 3885 601 3936 accidentalis
620 3885 739 3937 ordinum
755 3887 868 3952 privato·

328 3962 412 4005 torum
431 3956 488 4004 531.

294 4053 326 4061 -
344 4023 456 4072 vestium
473 4025 531 4073 455.

294 4121 327 4130 -
345 4091 480 4141 habituum
497 4107 550 4141 non
567 4091 647 4142 habet
661 4092 792 4142 racionem
809 4093 851 4143 26.

295 4188 327 4198 -
346 4161 558 4210 vestimentorum
577 4160 651 4210 eristi
670 4163 710 4211 21.

296 4257 327 4268 -
346 4229 555 4280 indumentorum
569 4230 716 4280 ordinatas
727 4229 810 4281 cristo
826 4231 868 4282 21.

709 480 888 530 undussa
906 481 1036 532 INDEX.

907 653 1027 703 Variacio
1044 653 1180 703 habituum
1198 655 1224 702 in
1248 654 1335 703 colore
1358 662 1386 704 ot
1403 655 1487 721 ligura

940 722 1090 772 nonhabet
1114 723 1246 772 racionem
1263 723 1428 788 probabilem
1446 725 1487 775 26.

906 791 1009 840 Variari
1026 792 1053 840 in
1070 791 1162 842 habitu
1179 792 1220 841 23.

908 860 1041 910 -riantur
1063 866 1133 911 secte
1156 866 1268 927 quatuor
1285 876 1302 910 a
1319 867 1393 911 secta
1412 861 1488 912 cristi

909 997 1011 1047 -riant
1027 1004 1097 1048 secte
1114 997 1142 1047 in
1159 997 1211 1048 fide
1229 999 1287 1048 331.

911 1092 940 1102 -
959 1072 1030 1117 scote
1047 1067 1074 1116 in
1091 1082 1137 1132 spe
1156 1069 1215 1118 331.

909 1162 941 1172 -
960 1134 1063 1185 ordines
1080 1150 1097 1184 a
1114 1142 1186 1186 secta
1203 1135 1278 1186 cristi
1295 1137 1337 1186 25.

909 1230 942 1240 -
960 1204 1064 1253 ordines
1080 1205 1107 1254 in
1125 1205 1211 1254 colore
1229 1211 1256 1254 et
1272 1204 1358 1271 figura
1377 1207 1419 1256 21.

909 1272 1028 1322 Varietas
1045 1273 1181 1323 excessivis
1196 1273 1315 1323 ordinum
1333 1275 1376 1324 91.

910 1348 1025 1391 -tatem
1042 1341 1140 1392 cristus
1158 1341 1287 1392 ordinavit
1307 1344 1349 1393 91.

910 1416 998 1460 -tate
1008 1410 1168 1460 circumdata
1176 1411 1268 1477 regina
1276 1412 1389 1462 ecclesia
1398 1420 1439 1462 est
1448 1415 1488 1463 63.

910 1479 1040 1529 Vecordia
1056 1479 1220 1530 sacerdotum
1238 1480 1297 1530 213.

910 1549 1008 1597 Vecors
1025 1547 1122 1598 heresis
1139 1550 1180 1599 35.

910 1616 1088 1667 Vehemencia
1096 1616 1207 1682 Spiritus
1216 1617 1241 1667 S.
1254 1616 1350 1684 figurat
1363 1618 1489 1668 fortitudi-

945 1701 1004 1734 nem
1022 1685 1184 1751 spiritualem
1202 1687 1260 1735 213.

911 1753 1033 1804 Vendere
1050 1754 1197 1804 oracionem
1214 1770 1292 1804 nemo
1311 1754 1390 1805 debet
1408 1756 1466 1806 340.

912 1851 944 1859 -
962 1823 1059 1888 panias
1075 1824 1168 1873 volunt
1185 1823 1364 1873 mendicantes
1382 1826 1423 1874 33.

913 1891 1012 1941 -dunt
1027 1892 1109 1941 solide
1126 1892 1229 1942 ordines
1247 1893 1395 1942 oracionem
1414 1895 1471 1943 341.

913 1989 944 1997 -
963 1961 1054 2010 fratres
1071 1976 1214 2023 sermones,
1236 1961 1325 2011 literas
1342 1961 1490 2012 fraternita-

944 2035 1009 2091 tum,
1027 2029 1152 2096 suffragia
1169 2037 1217 2080 etc.
1236 2031 1294 2080 222.

912 2098 1052 2148 vendicari
1068 2099 1179 2163 apostoli
1195 2099 1336 2148 voluerunt
1353 2102 1412 2151 610.

914 2172 990 2217 —cat
1005 2167 1099 2233 refuga
1115 2167 1231 2217 iudicare
1252 2173 1333 2218 totam
1352 2169 1490 2219 ecclesiam

912 2303 1087 2355 Vendiciones
1105 2304 1190 2353 meriti
1201 2304 1267 2370 largi
1278 2321 1326 2370 per
1337 2312 1423 2355 sectas
1434 2308 1491 2356 143.

912 2374 1051 2424 Venenum
1060 2372 1165 2437 dyaboli
1174 2373 1302 2423 inclusum
1312 2374 1341 2423 in
1349 2389 1419 2440 papa
1432 2377 1491 2424 461.

913 2441 1213 2507 Venenosumpocnlum
1220 2441 1491 2508 fratespropinanthh.

913 2510 946 2561 ad
964 2511 1103 2560 Venenum
1121 2510 1214 2560 mulier
1231 2511 1381 2561 assuefacta
1398 2513 1456 2562 259.

913 2581 1080 2629 Venerantur
1096 2578 1212 2629 indebite
1230 2579 1324 2630 hatres
1342 2582 1384 2631 52.

914 2648 1027 2698 Venerei
1044 2654 1118 2697 actus
1135 2654 1263 2698 sectarum
1283 2650 1341 2699 142.
1383 2696 1385 2700 .

914 2719 1016 2767 Ventus
1032 2716 1154 2783 superbie
1172 2717 1212 2767 12.

915 2786 969 2835 -ti
986 2786 1162 2835 inconstantes
1179 2786 1220 2835 12.

914 2855 1042 2919 Veprium
1060 2854 1208 2920 amputacio
1226 2856 1284 2905 102.

914 2925 1042 2973 Veracem
1064 2922 1147 2973 vitam
1172 2928 1275 2988 oportet
1298 2925 1433 2976 terminari
1460 2926 1494 2975 sd

948 2999 1036 3057 partes
1052 2991 1171 3041 veritatis
1188 2992 1246 3042 351.

915 3061 1042 3111 Verbales
1058 3060 1117 3110 lites
1135 3060 1175 3110 31.

915 3130 1030 3179 Verbum
1048 3129 1091 3178 dei
1108 3128 1243 3194 predicare
1261 3130 1319 3179 120.

916 3225 949 3234 -
967 3197 1010 3247 dei
1027 3197 1125 3259 docuit,
1147 3198 1278 3263 quomodo
1294 3199 1380 3249 voluit
1395 3200 1495 3250 clerum

949 3283 1026 3317 snum
1043 3267 1157 3333 regulari
1174 3268 1234 3318 420.

917 3362 949 3372 -
968 3335 1011 3385 dei
1027 3351 1056 3386 se
1073 3335 1157 3400 ipsum
1174 3335 1202 3385 in
1218 3336 1384 3402 plenitudine
1395 3344 1497 3404 tempo-

951 3405 985 3454 ris
1002 3404 1148 3455 incarnavit
1164 3405 1223 3455 420.

918 3500 950 3508 -
967 3473 1010 3524 dei
1031 3472 1184 3523 eternaliter
1203 3473 1322 3539 genitum
1344 3475 1500 3526 eternaliter

951 3541 1067 3592 condidit
1083 3556 1162 3591 unam
1180 3542 1267 3608 legem
1285 3543 1344 3594 420.

918 3637 949 3646 -
968 3610 1112 3676 predictum
1124 3609 1159 3660 ad
1169 3617 1325 3677 perpetuum
1337 3611 1381 3661 dei
1393 3613 1498 3678 dispen-

951 3679 1023 3730 dium
1040 3695 1093 3729 non
1111 3679 1232 3729 formidat
1248 3680 1312 3743 4173
1331 3681 1391 3731 413.

918 3775 951 3785 -
969 3748 1012 3798 (1θί
1034 3749 1121 3798 multis
1142 3748 1289 3799 hominibus
1306 3749 1357 3799 tuit
1373 3750 1498 3817 illapsum

919 3911 951 3922 -
969 3885 1105 3936 confusum
1122 3886 1248 3952 scripture
1265 3888 1306 3937 13.

919 3981 951 3991 -
969 3954 1012 4003 dei
1028 3955 1163 4020 pubhcare
1184 3957 1241 4007 120.

919 4050 951 4060 -
969 4023 1084 4073 iocosum
1102 4025 1143 4074 19.
1163 4043 1167 4054 ·

919 4119 950 4128 -
970 4091 1011 4142 dei
1029 4092 1120 4142 andire
1138 4093 1195 4142 120.

918 4160 953 4210 ad
980 4187 1010 4195 -
1038 4160 1135 4211 domini
1160 4167 1231 4211 secte
1255 4165 1391 4228 tamquam
1418 4163 1500 4215 fidem

953 4229 1055 4281 addunt
1071 4231 1129 4281 181.
