3082 5024
259 441 320 497 518
511 435 538 482 J.
563 433 701 494 WICLIF,
720 433 775 482 DE
790 433 1006 482 RELIGIONE
1020 430 1187 482 Palma
1208 431 1236 479 Ι.
1319 427 1384 497 [cap.
1441 439 1445 468 ι

259 608 425 668 secundum
448 607 609 677 racionem,
643 626 703 686 qna
725 614 795 665 sunt
817 605 998 681 laudabiles,
1029 604 1083 681 sed
1105 603 1285 665 secundum
1310 603 1432 664 racion

260 732 320 790 qua
342 720 413 770 sunt
435 709 603 788 culpabiles
627 743 676 781 —‚
709 709 751 769 sic
773 730 843 782 non,
876 709 1046 790 quicunque
1077 707 1201 789 aliquas
1225 707 1393 786 religiones
1418 737 1438 759 ··

259 825 347 874 vat-as
379 811 564 892 approbatas
594 813 643 873 vel
675 832 778 871 eorum
809 812 995 879 institutores
1018 831 1057 871 ex
1078 809 1138 870 hoc
1161 805 1297 889 opere⁵'
1319 831 1438 890 repro

258 930 379 976 sanctos
410 915 459 975 dei
490 925 521 974 et
551 935 653 975 eorum
685 916 779 974 sitam
806 923 897 994 atque
929 914 1097 975 doctrinam
1119 912 1436 993 dampnabiliterb

259 1020 394 1098 phemat,
427 1038 495 1077 cum
528 1017 602 1078 deus
633 1027 664 1079 et
694 1013 832 1078 omnes⁶³
855 1018 886 1077 in
908 1017 974 1078 celo
996 1015 1078 1078 beati
1100 1015 1276 1094 reprobant
1297 1018 1383 1097 ipsas
1421 1045 1440 1067 ιι

259 1122 363 1198 giones
386 1129 416 1180 et
438 1140 542 1180 earnm
565 1116 791 1192 institutores,⁵‘
812 1141 874 1180 non
896 1120 1062 1181 secundum
1085 1120 1256 1192 racionem,
1282 1116 1410 1200 qua⁶⁵z
1421 1145 1458 1169 ·····
1459 1174 1461 1179 ⁴

259 1223 438 1296 laudabiles,
462 1223 515 1283 sed
537 1224 704 1284 secundum
727 1224 889 1296 racionem,
913 1219 1005 1304 qua⁵⁶
1028 1231 1099 1283 sunt
1120 1221 1311 1301 culpabiles.

345 1326 388 1385 Et
417 1337 502 1404 patet
532 1327 564 1386 in
594 1335 680 1405 parte
711 1326 882 1387 declaracio
909 1327 994 1387 istius
1025 1325 1151 1386 materie
1175 1345 1249 1385 cum
1274 1326 1461 1405 responsione

260 1429 341 1490 fideli
364 1429 403 1489 ad
427 1439 606 1508 argumenta
628 1429 787 1490 reverendi
809 1429 950 1490 monachi
971 1424 1059 1490 etc.⁶⁶

328 1629 351 1660 ⁶²³
369 1649 402 1682 er
420 1633 443 1682 h.
463 1630 574 1702 optus}
612 1636 692 1682 om.A
782 1630 805 1661 ⁶⁸
822 1630 940 1702 omnesd
984 1632 1066 1682 omnis
1076 1633 1150 1691 Aea,
1170 1649 1210 1696 cp.
1229 1649 1256 1680 a.
1276 1637 1312 1684 50
1396 1629 1417 1661 ⁸⁴
1431 1632 1463 1682 ia·

259 1717 460 1789 stitutorcanpl
488 1719 648 1768 imtitomsn
693 1716 779 1784 ⁶⁵qua
792 1716 1076 1788 indcorr.fromq11ia
1119 1714 1141 1745 ⁶⁶
1154 1717 1380 1769 monaclrietc.0
1405 1733 1464 1769 moa.

259 1805 454 1869 supradictae
508 1821 577 1854 mou.
593 1805 733 1870 supradicti
751 1813 799 1856 etc.
815 1803 840 1874 β,
864 1806 921 1852 kere
938 1803 1079 1869 supradicti
1099 1805 1122 1852 is
1143 1818 1213 1852 corr.
1232 1804 1307 1867 from
1324 1804 1465 1871 suprad&

295 1893 396 1940 without
413 1893 491 1955 Eaepl.
504 1894 529 1939 in
546 1891 585 1939 all
603 1894 641 1939 tlte
653 1893 723 1940 codd.
777 1893 802 1940 in
817 1891 838 1938 C
852 1891 964 1954 follows:
986 1890 1027 1940 De
1045 1887 1170 1955 gradibus
1188 1888 1257 1938 cleri
1277 1890 1344 1940 eccl.
1392 1893 1417 1940 ia
1431 1893 1464 1940 A:

258 1976 339 2040 Epist.
359 1977 392 2025 de
404 1985 462 2027 octo
475 1977 653 2043 questionibus
665 1976 769 2041 pulcris.
788 1977 841 2025 Ine.
854 1977 945 2025 Amice
956 1975 1081 2041 preclare,
1100 1989 1134 2024 ex
1151 1975 1296 2040 scripturis
1308 1978 1406 2027 vestris
1415 1992 1465 2027 eon·

256 2062 324 2126 cipio
337 2068 380 2112 etc.
417 2061 473 2132 ind
485 2065 525 2111 tlte
536 2063 664 2127 following
682 2063 731 2111 line
745 2090 776 2097 -
790 2064 857 2110 there
874 2064 938 2110 iano
954 2059 1215 2123 Titlecrlacipit-
1229 2061 1320 2125 beyina
1339 2066 1408 2113 thar.-
1423 2062 1466 2113 Re·
1510 2005 1524 2115 ll

255 2155 307 2197 stat
325 2149 433 2198 ulterius
451 2165 548 2213 ponere
566 2148 638 2197 aliud
656 2149 817 2213 principium.
837 2150 857 2196 il
876 2149 896 2196 ia
915 2148 945 2195 de
963 2148 1031 2195 nialla
1042 2146 1105 2194 book
1117 2147 1150 2209 os
1165 2146 1288 2211 Wiclis’e
1302 2149 1467 2199 semeia

260 2236 300 2281 tae
316 2240 432 2298 separate
449 2235 515 2283 title:
535 2235 574 2282 De
592 2236 736 2297 Apoatacic.

1512 2118 1520 2131 Α
