<?xml version="1.0" encoding="UTF-8"?>
<!DOCTYPE html PUBLIC "-//W3C//DTD XHTML 1.0 Transitional//EN"
    "http://www.w3.org/TR/xhtml1/DTD/xhtml1-transitional.dtd">
<html xmlns="http://www.w3.org/1999/xhtml" xml:lang="en" lang="en">
 <head>
  <title>
</title>
<meta http-equiv="Content-Type" content="text/html;charset=utf-8" />
  <meta name='ocr-system' content='tesseract 3.04.00' />
  <meta name='ocr-capabilities' content='ocr_page ocr_carea ocr_par ocr_line ocrx_word'/>
</head>
<body>
  <div class='ocr_page' id='page_1' title='image "./johnwiclifspole00wyclgoog/johnwiclifspole00wyclgoog_0137.png"; bbox 0 0 3082 5024; ppageno 0'>
   <div class='ocr_carea' id='block_1_1' title="bbox 168 440 946 505">
    <p class='ocr_par' dir='ltr' id='par_1_1' title="bbox 168 440 946 505">
     <span class='ocr_line' id='line_1_1' title="bbox 168 440 946 505; baseline -0.019 0"><span class='ocrx_word' id='word_1_1' title='bbox 168 448 228 505; x_wconf 78' lang='lat'>508</span> <span class='ocrx_word' id='word_1_2' title='bbox 593 440 784 492; x_wconf 76' lang='lat' dir='ltr'><strong><em>JOHANNIS</em></strong></span> <span class='ocrx_word' id='word_1_3' title='bbox 807 442 946 499; x_wconf 75' lang='lat' dir='ltr'>Wrcals&#39;,</span> 
     </span>
    </p>
   </div>
   <div class='ocr_carea' id='block_1_2' title="bbox 166 614 1409 3282">
    <p class='ocr_par' dir='ltr' id='par_1_2' title="bbox 167 614 1408 807">
     <span class='ocr_line' id='line_1_2' title="bbox 167 614 1408 695; baseline 0.006 -17"><span class='ocrx_word' id='word_1_4' title='bbox 167 616 303 678; x_wconf 89' lang='lat' dir='ltr'>confiteri</span> <span class='ocrx_word' id='word_1_5' title='bbox 334 614 432 674; x_wconf 88' lang='lat' dir='ltr'>alieno</span> <span class='ocrx_word' id='word_1_6' title='bbox 460 616 608 676; x_wconf 84' lang='lat' dir='ltr'>sacerdoti</span> <span class='ocrx_word' id='word_1_7' title='bbox 630 637 685 695; x_wconf 91' lang='lat' dir='ltr'>pro</span> <span class='ocrx_word' id='word_1_8' title='bbox 707 614 853 677; x_wconf 90' lang='lat' dir='ltr'>beneficio</span> <span class='ocrx_word' id='word_1_9' title='bbox 875 616 1140 681; x_wconf 71' lang='lat' dir='ltr'>sacramentalis¹⁸</span> <span class='ocrx_word' id='word_1_10' title='bbox 1162 622 1293 687; x_wconf 89' lang='lat' dir='ltr'>absoluei</span> <span class='ocrx_word' id='word_1_11' title='bbox 1373 622 1408 685; x_wconf 70' lang='grc' dir='ltr'>Ξ·</span> 
     </span>
     <span class='ocr_line' id='line_1_3' title="bbox 168 719 1247 807; baseline 0.007 -28"><span class='ocrx_word' id='word_1_12' title='bbox 168 719 340 790; x_wconf 71' lang='lat' dir='ltr'>obtinendo</span> <span class='ocrx_word' id='word_1_13' title='bbox 373 739 433 778; x_wconf 89' lang='lat' dir='ltr'>non</span> <span class='ocrx_word' id='word_1_14' title='bbox 465 719 556 779; x_wconf 88' lang='lat' dir='ltr'>debet</span> <span class='ocrx_word' id='word_1_15' title='bbox 587 728 801 798; x_wconf 78' lang='lat' dir='ltr'>contempnere</span> <span class='ocrx_word' id='word_1_16' title='bbox 823 729 926 800; x_wconf 85' lang='lat' dir='ltr'>petere</span> <span class='ocrx_word' id='word_1_17' title='bbox 948 720 1108 784; x_wconf 77' lang='lat' dir='ltr'><strong>licenciam</strong></span> <span class='ocrx_word' id='word_1_18' title='bbox 1130 726 1247 807; x_wconf 91' lang='lat' dir='ltr'>proprii</span> 
     </span>
    </p>

    <p class='ocr_par' dir='ltr' id='par_1_3' title="bbox 166 820 1381 1302">
     <span class='ocr_line' id='line_1_4' title="bbox 168 820 1297 901; baseline 0.007 -18"><span class='ocrx_word' id='word_1_19' title='bbox 168 823 247 883; x_wconf 86' lang='lat' dir='ltr'>dotis</span> <span class='ocrx_word' id='word_1_20' title='bbox 269 843 323 901; x_wconf 90' lang='lat' dir='ltr'>pro</span> <span class='ocrx_word' id='word_1_21' title='bbox 347 821 472 882; x_wconf 89' lang='lat' dir='ltr'>obtentu</span> <span class='ocrx_word' id='word_1_22' title='bbox 494 823 588 901; x_wconf 82' lang='lat' dir='ltr'>ipsius</span> <span class='ocrx_word' id='word_1_23' title='bbox 610 822 737 882; x_wconf 90' lang='lat' dir='ltr'>liceucie</span> <span class='ocrx_word' id='word_1_24' title='bbox 759 822 888 884; x_wconf 87' lang='lat' dir='ltr'>adhoc.</span> <span class='ocrx_word' id='word_1_25' title='bbox 921 820 1003 885; x_wconf 63' lang='lat' dir='ltr'>Sicu</span> <span class='ocrx_word' id='word_1_26' title='bbox 1017 824 1159 889; x_wconf 80' lang='lat' dir='ltr'>subditus</span> <span class='ocrx_word' id='word_1_27' title='bbox 1173 829 1205 889; x_wconf 92' lang='lat' dir='ltr'>iu</span> <span class='ocrx_word' id='word_1_28' title='bbox 1219 830 1297 891; x_wconf 88' lang='lat' dir='ltr'>re&#39;&#39;</span> 
     </span>
     <span class='ocr_line' id='line_1_5' title="bbox 167 926 1381 1013; baseline 0.004 -23"><span class='ocrx_word' id='word_1_29' title='bbox 167 931 296 1009; x_wconf 85' lang='lat' dir='ltr'>privata,</span> <span class='ocrx_word' id='word_1_30' title='bbox 329 926 433 985; x_wconf 86' lang='lat' dir='ltr'>volens</span> <span class='ocrx_word' id='word_1_31' title='bbox 464 946 503 985; x_wconf 84' lang='lat' dir='ltr'>ex</span> <span class='ocrx_word' id='word_1_32' title='bbox 525 927 604 986; x_wconf 86' lang='lat' dir='ltr'>iusta</span> <span class='ocrx_word' id='word_1_33' title='bbox 627 944 719 985; x_wconf 86' lang='lat' dir='ltr'>causa</span> <span class='ocrx_word' id='word_1_34' title='bbox 740 926 858 986; x_wconf 72' lang='lat' dir='ltr'>venare</span> <span class='ocrx_word' id='word_1_35' title='bbox 880 926 912 986; x_wconf 93' lang='lat' dir='ltr'>in</span> <span class='ocrx_word' id='word_1_36' title='bbox 933 927 1041 989; x_wconf 85' lang='lat' dir='ltr'>ritibus</span> <span class='ocrx_word' id='word_1_37' title='bbox 1061 930 1212 1011; x_wconf 86' lang='lat' dir='ltr'>religiosis</span> <span class='ocrx_word' id='word_1_38' title='bbox 1232 952 1283 1013; x_wconf 89' lang='lat' dir='ltr'>pro</span> <span class='ocrx_word' id='word_1_39' title='bbox 1372 954 1381 959; x_wconf 93' lang='lat'>·</span> 
     </span>
     <span class='ocr_line' id='line_1_6' title="bbox 167 1029 1242 1115; baseline 0.002 -21"><span class='ocrx_word' id='word_1_40' title='bbox 167 1033 231 1094; x_wconf 88' lang='lat' dir='ltr'>bita</span> <span class='ocrx_word' id='word_1_41' title='bbox 252 1031 434 1093; x_wconf 83' lang='lat' dir='ltr'>cxccucione</span> <span class='ocrx_word' id='word_1_42' title='bbox 457 1029 609 1107; x_wconf 72' lang='lat' dir='ltr'>religionis</span> <span class='ocrx_word' id='word_1_43' title='bbox 631 1029 806 1101; x_wconf 89' lang='lat' dir='ltr'>communis,</span> <span class='ocrx_word' id='word_1_44' title='bbox 830 1050 891 1089; x_wconf 93' lang='lat' dir='ltr'>non</span> <span class='ocrx_word' id='word_1_45' title='bbox 912 1030 1006 1092; x_wconf 89' lang='lat' dir='ltr'>debet</span> <span class='ocrx_word' id='word_1_46' title='bbox 1025 1041 1242 1115; x_wconf 87' lang='lat' dir='ltr'>contempnere</span> 
     </span>
     <span class='ocr_line' id='line_1_7' title="bbox 167 1131 1328 1213; baseline 0.003 -16"><span class='ocrx_word' id='word_1_47' title='bbox 167 1137 324 1198; x_wconf 81' lang='lat' dir='ltr'>licenciam</span> <span class='ocrx_word' id='word_1_48' title='bbox 347 1135 392 1193; x_wconf 78' lang='lat' dir='ltr'>siri</span> <span class='ocrx_word' id='word_1_49' title='bbox 415 1132 523 1211; x_wconf 79' lang='lat' dir='ltr'>prelati</span> <span class='ocrx_word' id='word_1_50' title='bbox 545 1131 601 1193; x_wconf 92' lang='lat' dir='ltr'>sub</span> <span class='ocrx_word' id='word_1_51' title='bbox 624 1132 681 1192; x_wconf 88' lang='lat' dir='ltr'>deo</span> <span class='ocrx_word' id='word_1_52' title='bbox 704 1152 758 1211; x_wconf 91' lang='lat' dir='ltr'>pro</span> <span class='ocrx_word' id='word_1_53' title='bbox 781 1131 907 1193; x_wconf 85' lang='lat' dir='ltr'>obtentu</span> <span class='ocrx_word' id='word_1_54' title='bbox 928 1133 1022 1213; x_wconf 89' lang='lat' dir='ltr'>ipsius</span> <span class='ocrx_word' id='word_1_55' title='bbox 1035 1132 1196 1198; x_wconf 78' lang='lat' dir='ltr'>licencie¹⁶</span> <span class='ocrx_word' id='word_1_56' title='bbox 1210 1138 1272 1201; x_wconf 86' lang='lat' dir='ltr'>adi</span> <span class='ocrx_word' id='word_1_57' title='bbox 1325 1138 1328 1143; x_wconf 74' lang='grc'><strong>’</strong></span> 
     </span>
     <span class='ocr_line' id='line_1_8' title="bbox 166 1236 571 1302; baseline -0.017 0"><span class='ocrx_word' id='word_1_58' title='bbox 166 1241 368 1302; x_wconf 82' lang='lat' dir='ltr'>variacionenr</span> <span class='ocrx_word' id='word_1_59' title='bbox 391 1236 571 1296; x_wconf 83' lang='lat' dir='ltr'>faciendam.</span> 
     </span>
    </p>

    <p class='ocr_par' dir='ltr' id='par_1_4' title="bbox 167 1339 1409 2349">
     <span class='ocr_line' id='line_1_9' title="bbox 252 1339 1409 1419; baseline 0.004 -18"><span class='ocrx_word' id='word_1_60' title='bbox 252 1342 359 1402; x_wconf 83' lang='lat' dir='ltr'>Tercio</span> <span class='ocrx_word' id='word_1_61' title='bbox 382 1340 524 1419; x_wconf 88' lang='lat' dir='ltr'>sequitur,</span> <span class='ocrx_word' id='word_1_62' title='bbox 549 1339 638 1419; x_wconf 89' lang='lat' dir='ltr'>quod,</span> <span class='ocrx_word' id='word_1_63' title='bbox 662 1339 734 1401; x_wconf 91' lang='lat' dir='ltr'>licet</span> <span class='ocrx_word' id='word_1_64' title='bbox 755 1360 816 1399; x_wconf 90' lang='lat' dir='ltr'>non</span> <span class='ocrx_word' id='word_1_65' title='bbox 838 1340 877 1400; x_wconf 91' lang='lat' dir='ltr'>sit</span> <span class='ocrx_word' id='word_1_66' title='bbox 897 1341 936 1401; x_wconf 91' lang='lat' dir='ltr'>de</span> <span class='ocrx_word' id='word_1_67' title='bbox 957 1342 1138 1404; x_wconf 76' lang='lat' dir='ltr'>necessitate</span> <span class='ocrx_word' id='word_1_68' title='bbox 1159 1344 1271 1419; x_wconf 86' lang='lat' dir='ltr'>salutis,</span> <span class='ocrx_word' id='word_1_69' title='bbox 1334 1404 1337 1409; x_wconf 89' lang='grc'>,</span> <span class='ocrx_word' id='word_1_70' title='bbox 1407 1360 1409 1365; x_wconf 89' lang='grc'><strong><em>·</em></strong></span> 
     </span>
     <span class='ocr_line' id='line_1_10' title="bbox 167 1440 1409 1524; baseline 0.004 -17"><span class='ocrx_word' id='word_1_71' title='bbox 167 1448 243 1508; x_wconf 90' lang='lat' dir='ltr'>libet</span> <span class='ocrx_word' id='word_1_72' title='bbox 263 1445 346 1506; x_wconf 84' lang='lat' dir='ltr'>tideli</span> <span class='ocrx_word' id='word_1_73' title='bbox 369 1444 499 1503; x_wconf 86' lang='lat' dir='ltr'>discreto</span> <span class='ocrx_word' id='word_1_74' title='bbox 521 1443 660 1521; x_wconf 79' lang='lat' dir='ltr'>peccant-i</span> <span class='ocrx_word' id='word_1_75' title='bbox 684 1442 861 1516; x_wconf 75' lang='lat' dir='ltr'>mortaliter,</span> <span class='ocrx_word' id='word_1_76' title='bbox 889 1443 970 1524; x_wconf 90' lang='lat' dir='ltr'>quod</span> <span class='ocrx_word' id='word_1_77' title='bbox 992 1444 1176 1507; x_wconf 88' lang='lat' dir='ltr'>confiteatur</span> <span class='ocrx_word' id='word_1_78' title='bbox 1197 1468 1247 1509; x_wconf 86' lang='lat' dir='ltr'>ors</span> <span class='ocrx_word' id='word_1_79' title='bbox 1265 1444 1335 1511; x_wconf 76' lang='lat' dir='ltr'>nuri</span> <span class='ocrx_word' id='word_1_80' title='bbox 1393 1440 1409 1497; x_wconf 63' lang='grc' dir='ltr'>ἶ</span> 
     </span>
     <span class='ocr_line' id='line_1_11' title="bbox 167 1545 1285 1627; baseline 0.004 -17"><span class='ocrx_word' id='word_1_81' title='bbox 167 1551 198 1610; x_wconf 92' lang='lat' dir='ltr'>in</span> <span class='ocrx_word' id='word_1_82' title='bbox 220 1570 300 1609; x_wconf 85' lang='lat' dir='ltr'>enno</span> <span class='ocrx_word' id='word_1_83' title='bbox 327 1547 449 1627; x_wconf 88' lang='lat' dir='ltr'>proprio</span> <span class='ocrx_word' id='word_1_84' title='bbox 477 1545 627 1606; x_wconf 83' lang='lat' dir='ltr'>sacerdoti</span> <span class='ocrx_word' id='word_1_85' title='bbox 658 1545 714 1606; x_wconf 89' lang='lat' dir='ltr'>sub</span> <span class='ocrx_word' id='word_1_86' title='bbox 736 1546 794 1606; x_wconf 90' lang='lat' dir='ltr'>deo</span> <span class='ocrx_word' id='word_1_87' title='bbox 824 1546 874 1607; x_wconf 86' lang='lat' dir='ltr'>vel</span> <span class='ocrx_word' id='word_1_88' title='bbox 897 1547 961 1608; x_wconf 90' lang='lat' dir='ltr'>eius</span> <span class='ocrx_word' id='word_1_89' title='bbox 983 1548 1082 1609; x_wconf 90' lang='lat' dir='ltr'>vicem</span> <span class='ocrx_word' id='word_1_90' title='bbox 1105 1549 1285 1613; x_wconf 82' lang='lat' dir='ltr'>ordinariam</span> 
     </span>
     <span class='ocr_line' id='line_1_12' title="bbox 167 1648 1338 1729; baseline 0.003 -16"><span class='ocrx_word' id='word_1_91' title='bbox 167 1653 245 1713; x_wconf 91' lang='lat' dir='ltr'>renti</span> <span class='ocrx_word' id='word_1_92' title='bbox 277 1671 365 1711; x_wconf 89' lang='lat' dir='ltr'>omne</span> <span class='ocrx_word' id='word_1_93' title='bbox 396 1658 557 1728; x_wconf 87' lang='lat' dir='ltr'>peccatum</span> <span class='ocrx_word' id='word_1_94' title='bbox 588 1669 675 1709; x_wconf 86' lang='lat' dir='ltr'>suum</span> <span class='ocrx_word' id='word_1_95' title='bbox 707 1648 836 1710; x_wconf 82' lang='lat' dir='ltr'>mortale</span> <span class='ocrx_word' id='word_1_96' title='bbox 866 1669 921 1729; x_wconf 87' lang='lat' dir='ltr'>pro</span> <span class='ocrx_word' id='word_1_97' title='bbox 951 1649 1098 1712; x_wconf 89' lang='lat' dir='ltr'>beneficio</span> <span class='ocrx_word' id='word_1_98' title='bbox 1134 1674 1253 1716; x_wconf 86' lang='lat' dir='ltr'>sacram</span> <span class='ocrx_word' id='word_1_99' title='bbox 1334 1650 1338 1655; x_wconf 71' lang='grc'><strong>’</strong></span> 
     </span>
     <span class='ocr_line' id='line_1_13' title="bbox 169 1752 1340 1833; baseline 0.003 -17"><span class='ocrx_word' id='word_1_100' title='bbox 169 1755 372 1816; x_wconf 85' lang='lat' dir='ltr'>absolucionis</span> <span class='ocrx_word' id='word_1_101' title='bbox 395 1752 569 1825; x_wconf 84' lang='lat' dir='ltr'>obtinendo,</span> <span class='ocrx_word' id='word_1_102' title='bbox 592 1752 642 1812; x_wconf 83' lang='lat' dir='ltr'>vel</span> <span class='ocrx_word' id='word_1_103' title='bbox 665 1752 746 1831; x_wconf 91' lang='lat' dir='ltr'>quod</span> <span class='ocrx_word' id='word_1_104' title='bbox 768 1753 896 1832; x_wconf 88' lang='lat' dir='ltr'>recipiat</span> <span class='ocrx_word' id='word_1_105' title='bbox 916 1753 948 1813; x_wconf 90' lang='lat' dir='ltr'>in</span> <span class='ocrx_word' id='word_1_106' title='bbox 969 1754 1117 1833; x_wconf 84' lang='lat' dir='ltr'>paschate</span> <span class='ocrx_word' id='word_1_107' title='bbox 1138 1758 1340 1829; x_wconf 65' lang='lat' dir='ltr'>eucharistici.¹</span> 
     </span>
     <span class='ocr_line' id='line_1_14' title="bbox 169 1854 1345 1941; baseline -0.002 -21"><span class='ocrx_word' id='word_1_108' title='bbox 169 1868 272 1920; x_wconf 88' lang='lat' dir='ltr'>tamen</span> <span class='ocrx_word' id='word_1_109' title='bbox 296 1866 342 1917; x_wconf 86' lang='lat' dir='ltr'>est</span> <span class='ocrx_word' id='word_1_110' title='bbox 363 1857 401 1917; x_wconf 87' lang='lat' dir='ltr'>‹ie</span> <span class='ocrx_word' id='word_1_111' title='bbox 424 1856 604 1917; x_wconf 78' lang='lat' dir='ltr'>necessitate</span> <span class='ocrx_word' id='word_1_112' title='bbox 626 1855 732 1916; x_wconf 84' lang='lat' dir='ltr'>salutis</span> <span class='ocrx_word' id='word_1_113' title='bbox 755 1855 881 1917; x_wconf 89' lang='lat' dir='ltr'>cuilibet</span> <span class='ocrx_word' id='word_1_114' title='bbox 902 1854 1111 1918; x_wconf 66' lang='lat' dir='ltr'>huiusmodili</span> <span class='ocrx_word' id='word_1_115' title='bbox 1131 1856 1256 1933; x_wconf 79' lang='lat' dir='ltr'>fideli,¹&#39;</span> <span class='ocrx_word' id='word_1_116' title='bbox 1279 1854 1345 1941; x_wconf 73' lang='lat' dir='ltr'>quel.</span> 
     </span>
     <span class='ocr_line' id='line_1_15' title="bbox 168 1958 1343 2045; baseline 0.003 -24"><span class='ocrx_word' id='word_1_117' title='bbox 168 1982 229 2021; x_wconf 93' lang='lat' dir='ltr'>non</span> <span class='ocrx_word' id='word_1_118' title='bbox 261 1969 458 2040; x_wconf 83' lang='lat' dir='ltr'>contempnet</span> <span class='ocrx_word' id='word_1_119' title='bbox 487 1958 619 2020; x_wconf 87' lang='lat' dir='ltr'>finaliter</span> <span class='ocrx_word' id='word_1_120' title='bbox 649 1959 784 2020; x_wconf 86' lang='lat' dir='ltr'>confiteri</span> <span class='ocrx_word' id='word_1_121' title='bbox 815 1980 867 2020; x_wconf 90' lang='lat' dir='ltr'>ore</span> <span class='ocrx_word' id='word_1_122' title='bbox 893 1959 987 2020; x_wconf 87' lang='lat' dir='ltr'>semel</span> <span class='ocrx_word' id='word_1_123' title='bbox 1007 1960 1040 2021; x_wconf 92' lang='lat' dir='ltr'>in</span> <span class='ocrx_word' id='word_1_124' title='bbox 1062 1981 1143 2023; x_wconf 92' lang='lat' dir='ltr'>anno</span> <span class='ocrx_word' id='word_1_125' title='bbox 1166 1964 1288 2045; x_wconf 84' lang='lat' dir='ltr'>proprio</span> <span class='ocrx_word' id='word_1_126' title='bbox 1304 1978 1343 2025; x_wconf 72' lang='lat' dir='ltr'>sm</span> 
     </span>
     <span class='ocr_line' id='line_1_16' title="bbox 169 2058 1347 2148; baseline 0.004 -23"><span class='ocrx_word' id='word_1_127' title='bbox 169 2064 317 2125; x_wconf 83' lang='lat' dir='ltr'>sacerdoti</span> <span class='ocrx_word' id='word_1_128' title='bbox 350 2063 405 2123; x_wconf 79' lang='lat' dir='ltr'>sub</span> <span class='ocrx_word' id='word_1_129' title='bbox 436 2064 494 2123; x_wconf 86' lang='lat' dir='ltr'>deo</span> <span class='ocrx_word' id='word_1_130' title='bbox 524 2062 573 2122; x_wconf 87' lang='lat' dir='ltr'>vel</span> <span class='ocrx_word' id='word_1_131' title='bbox 596 2063 694 2123; x_wconf 87' lang='lat' dir='ltr'>vicem</span> <span class='ocrx_word' id='word_1_132' title='bbox 718 2058 815 2123; x_wconf 79' lang='lat' dir='ltr'>eius¹⁸</span> <span class='ocrx_word' id='word_1_133' title='bbox 837 2061 1021 2124; x_wconf 85' lang='lat' dir='ltr'>ordinariam</span> <span class='ocrx_word' id='word_1_134' title='bbox 1043 2067 1163 2143; x_wconf 83' lang='lat' dir='ltr'>gerenti</span> <span class='ocrx_word' id='word_1_135' title='bbox 1186 2088 1276 2129; x_wconf 90' lang='lat' dir='ltr'>omne</span> <span class='ocrx_word' id='word_1_136' title='bbox 1294 2086 1347 2148; x_wconf 80' lang='lat' dir='ltr'>pec</span> 
     </span>
     <span class='ocr_line' id='line_1_17' title="bbox 170 2165 1353 2244; baseline 0.003 -17"><span class='ocrx_word' id='word_1_137' title='bbox 170 2177 271 2227; x_wconf 84' lang='lat' dir='ltr'>cetum</span> <span class='ocrx_word' id='word_1_138' title='bbox 303 2166 432 2227; x_wconf 88' lang='lat' dir='ltr'>mortale</span> <span class='ocrx_word' id='word_1_139' title='bbox 463 2186 550 2227; x_wconf 86' lang='lat' dir='ltr'>suurn</span> <span class='ocrx_word' id='word_1_140' title='bbox 582 2186 637 2244; x_wconf 89' lang='lat' dir='ltr'>pro</span> <span class='ocrx_word' id='word_1_141' title='bbox 668 2165 814 2226; x_wconf 86' lang='lat' dir='ltr'>beneficio</span> <span class='ocrx_word' id='word_1_142' title='bbox 838 2165 1041 2229; x_wconf 84' lang='lat' dir='ltr'>absolucionis</span> <span class='ocrx_word' id='word_1_143' title='bbox 1063 2170 1296 2233; x_wconf 79' lang='lat' dir='ltr'>sacramentalis</span> <span class='ocrx_word' id='word_1_144' title='bbox 1312 2168 1353 2231; x_wconf 84' lang='lat' dir='ltr'>cl·</span> 
     </span>
     <span class='ocr_line' id='line_1_18' title="bbox 169 2263 1070 2349; baseline 0.003 -20"><span class='ocrx_word' id='word_1_145' title='bbox 169 2264 338 2339; x_wconf 81' lang='lat' dir='ltr'>t.inendo‚¹⁹</span> <span class='ocrx_word' id='word_1_146' title='bbox 361 2268 410 2330; x_wconf 84' lang='lat' dir='ltr'>vel</span> <span class='ocrx_word' id='word_1_147' title='bbox 432 2268 567 2348; x_wconf 88' lang='lat' dir='ltr'>recipere</span> <span class='ocrx_word' id='word_1_148' title='bbox 590 2270 622 2328; x_wconf 88' lang='lat' dir='ltr'>in</span> <span class='ocrx_word' id='word_1_149' title='bbox 644 2263 824 2349; x_wconf 81' lang='lat' dir='ltr'>paschate²⁰</span> <span class='ocrx_word' id='word_1_150' title='bbox 846 2269 1070 2332; x_wconf 83' lang='lat' dir='ltr'>eucharistiam.</span> 
     </span>
    </p>

    <p class='ocr_par' dir='ltr' id='par_1_5' title="bbox 169 2366 1382 2665">
     <span class='ocr_line' id='line_1_19' title="bbox 254 2366 1382 2452; baseline 0.011 -22"><span class='ocrx_word' id='word_1_151' title='bbox 254 2371 345 2432; x_wconf 89' lang='lat' dir='ltr'>Patet</span> <span class='ocrx_word' id='word_1_152' title='bbox 371 2373 470 2451; x_wconf 88' lang='lat' dir='ltr'>prima</span> <span class='ocrx_word' id='word_1_153' title='bbox 497 2366 601 2451; x_wconf 72' lang='lat' dir='ltr'>pors⁹¹</span> <span class='ocrx_word' id='word_1_154' title='bbox 624 2392 679 2450; x_wconf 90' lang='lat' dir='ltr'>per</span> <span class='ocrx_word' id='word_1_155' title='bbox 701 2370 767 2443; x_wconf 92' lang='lat' dir='ltr'>hoc,</span> <span class='ocrx_word' id='word_1_156' title='bbox 800 2372 882 2452; x_wconf 86' lang='lat' dir='ltr'>quod</span> <span class='ocrx_word' id='word_1_157' title='bbox 903 2393 965 2433; x_wconf 92' lang='lat' dir='ltr'>non</span> <span class='ocrx_word' id='word_1_158' title='bbox 987 2382 1033 2434; x_wconf 89' lang='lat' dir='ltr'>est</span> <span class='ocrx_word' id='word_1_159' title='bbox 1054 2374 1093 2435; x_wconf 91' lang='lat' dir='ltr'>de</span> <span class='ocrx_word' id='word_1_160' title='bbox 1116 2378 1305 2441; x_wconf 83' lang='lat' dir='ltr'>necessitate</span> <span class='ocrx_word' id='word_1_161' title='bbox 1323 2396 1382 2441; x_wconf 74' lang='lat' dir='ltr'>n·-</span> 
     </span>
     <span class='ocr_line' id='line_1_20' title="bbox 169 2474 1367 2559; baseline 0.008 -25"><span class='ocrx_word' id='word_1_162' title='bbox 169 2474 241 2535; x_wconf 82' lang='lat' dir='ltr'>lutis¹</span> <span class='ocrx_word' id='word_1_163' title='bbox 269 2475 395 2536; x_wconf 86' lang='lat' dir='ltr'>cuilibet</span> <span class='ocrx_word' id='word_1_164' title='bbox 415 2475 529 2535; x_wconf 90' lang='lat' dir='ltr'>homini</span> <span class='ocrx_word' id='word_1_165' title='bbox 552 2474 644 2547; x_wconf 78' lang='lat' dir='ltr'>tirleli,</span> <span class='ocrx_word' id='word_1_166' title='bbox 672 2475 752 2554; x_wconf 86' lang='lat' dir='ltr'>quod</span> <span class='ocrx_word' id='word_1_167' title='bbox 775 2496 836 2536; x_wconf 92' lang='lat' dir='ltr'>non</span> <span class='ocrx_word' id='word_1_168' title='bbox 857 2476 897 2536; x_wconf 84' lang='lat' dir='ltr'>sit</span> <span class='ocrx_word' id='word_1_169' title='bbox 918 2485 1020 2537; x_wconf 87' lang='lat' dir='ltr'>mutus</span> <span class='ocrx_word' id='word_1_170' title='bbox 1041 2477 1090 2538; x_wconf 81' lang='lat' dir='ltr'>vel</span> <span class='ocrx_word' id='word_1_171' title='bbox 1118 2479 1205 2559; x_wconf 85' lang='lat' dir='ltr'>quod</span> <span class='ocrx_word' id='word_1_172' title='bbox 1228 2500 1290 2542; x_wconf 90' lang='lat' dir='ltr'>nou</span> <span class='ocrx_word' id='word_1_173' title='bbox 1310 2502 1367 2543; x_wconf 83' lang='lat' dir='ltr'>mc·</span> 
     </span>
     <span class='ocr_line' id='line_1_21' title="bbox 170 2578 1342 2665; baseline 0.004 -27"><span class='ocrx_word' id='word_1_174' title='bbox 170 2579 266 2639; x_wconf 87' lang='lat' dir='ltr'>riatur</span> <span class='ocrx_word' id='word_1_175' title='bbox 288 2580 319 2639; x_wconf 82' lang='lat' dir='ltr'>&#39;tn</span> <span class='ocrx_word' id='word_1_176' title='bbox 341 2599 420 2639; x_wconf 86' lang='lat' dir='ltr'>cuno</span> <span class='ocrx_word' id='word_1_177' title='bbox 442 2579 505 2652; x_wconf 92' lang='lat' dir='ltr'>illo,</span> <span class='ocrx_word' id='word_1_178' title='bbox 530 2600 588 2658; x_wconf 92' lang='lat' dir='ltr'>quo</span> <span class='ocrx_word' id='word_1_179' title='bbox 611 2578 718 2657; x_wconf 89' lang='lat' dir='ltr'>incipit</span> <span class='ocrx_word' id='word_1_180' title='bbox 739 2578 852 2640; x_wconf 87' lang='lat' dir='ltr'>habere</span> <span class='ocrx_word' id='word_1_181' title='bbox 874 2580 1091 2641; x_wconf 87' lang='lat' dir='ltr'>discrecionsm</span> <span class='ocrx_word' id='word_1_182' title='bbox 1115 2590 1191 2643; x_wconf 85' lang='lat' dir='ltr'>ante</span> <span class='ocrx_word' id='word_1_183' title='bbox 1215 2585 1342 2665; x_wconf 74' lang='lat' dir='ltr'>pascha.</span> 
     </span>
    </p>

    <p class='ocr_par' dir='ltr' id='par_1_6' title="bbox 169 2676 1409 3053">
     <span class='ocr_line' id='line_1_22' title="bbox 255 2676 1373 2763; baseline 0.009 -22"><span class='ocrx_word' id='word_1_184' title='bbox 255 2682 298 2743; x_wconf 87' lang='lat' dir='ltr'>Et</span> <span class='ocrx_word' id='word_1_185' title='bbox 328 2683 463 2742; x_wconf 84' lang='lat' dir='ltr'>secunda</span> <span class='ocrx_word' id='word_1_186' title='bbox 493 2703 564 2761; x_wconf 89' lang='lat' dir='ltr'>pars</span> <span class='ocrx_word' id='word_1_187' title='bbox 596 2676 715 2760; x_wconf 79' lang='lat' dir='ltr'>patet²²</span> <span class='ocrx_word' id='word_1_188' title='bbox 745 2703 800 2761; x_wconf 88' lang='lat' dir='ltr'>per</span> <span class='ocrx_word' id='word_1_189' title='bbox 821 2682 888 2756; x_wconf 88' lang='lat' dir='ltr'>hoc,</span> <span class='ocrx_word' id='word_1_190' title='bbox 921 2683 1003 2763; x_wconf 90' lang='lat' dir='ltr'>quod</span> <span class='ocrx_word' id='word_1_191' title='bbox 1024 2678 1104 2745; x_wconf 76' lang='lat' dir='ltr'>est²³</span> <span class='ocrx_word' id='word_1_192' title='bbox 1126 2685 1166 2746; x_wconf 90' lang='lat' dir='ltr'>de</span> <span class='ocrx_word' id='word_1_193' title='bbox 1191 2688 1373 2751; x_wconf 78' lang='lat' dir='ltr'>necessitate</span> 
     </span>
     <span class='ocr_line' id='line_1_23' title="bbox 170 2780 1375 2875; baseline 0.007 -30"><span class='ocrx_word' id='word_1_194' title='bbox 170 2785 276 2845; x_wconf 83' lang='lat' dir='ltr'>salutis</span> <span class='ocrx_word' id='word_1_195' title='bbox 307 2781 466 2846; x_wconf 69' lang='lat' dir='ltr'>cuilibct²⁴</span> <span class='ocrx_word' id='word_1_196' title='bbox 497 2780 703 2845; x_wconf 76' lang='lat' dir='ltr'>lruiusmorli²⁵</span> <span class='ocrx_word' id='word_1_197' title='bbox 731 2784 823 2857; x_wconf 85' lang='lat' dir='ltr'>fideli,</span> <span class='ocrx_word' id='word_1_198' title='bbox 855 2786 935 2864; x_wconf 90' lang='lat' dir='ltr'>quod</span> <span class='ocrx_word' id='word_1_199' title='bbox 958 2807 1020 2846; x_wconf 90' lang='lat' dir='ltr'>non</span> <span class='ocrx_word' id='word_1_200' title='bbox 1042 2788 1193 2849; x_wconf 88' lang='lat' dir='ltr'>moriatur</span> <span class='ocrx_word' id='word_1_201' title='bbox 1216 2791 1251 2851; x_wconf 92' lang='lat' dir='ltr'>in</span> <span class='ocrx_word' id='word_1_202' title='bbox 1274 2792 1375 2875; x_wconf 84' lang='lat' dir='ltr'>aliquo</span> 
     </span>
     <span class='ocr_line' id='line_1_24' title="bbox 169 2888 1409 2975; baseline 0.009 -27"><span class='ocrx_word' id='word_1_203' title='bbox 169 2897 297 2968; x_wconf 80' lang='lat' dir='ltr'>peccato</span> <span class='ocrx_word' id='word_1_204' title='bbox 328 2888 458 2961; x_wconf 87' lang='lat' dir='ltr'>mortali,</span> <span class='ocrx_word' id='word_1_205' title='bbox 491 2897 522 2949; x_wconf 92' lang='lat' dir='ltr'>et</span> <span class='ocrx_word' id='word_1_206' title='bbox 552 2888 684 2949; x_wconf 85' lang='lat' dir='ltr'>finaliter</span> <span class='ocrx_word' id='word_1_207' title='bbox 713 2888 755 2948; x_wconf 88' lang='lat' dir='ltr'>sic</span> <span class='ocrx_word' id='word_1_208' title='bbox 782 2896 997 2968; x_wconf 87' lang='lat' dir='ltr'>contempnere</span> <span class='ocrx_word' id='word_1_209' title='bbox 1019 2896 1066 2950; x_wconf 89' lang='lat' dir='ltr'>est</span> <span class='ocrx_word' id='word_1_210' title='bbox 1087 2891 1164 2951; x_wconf 85' lang='lat' dir='ltr'>mori</span> <span class='ocrx_word' id='word_1_211' title='bbox 1188 2893 1224 2954; x_wconf 92' lang='lat' dir='ltr'>in</span> <span class='ocrx_word' id='word_1_212' title='bbox 1248 2904 1377 2975; x_wconf 80' lang='lat' dir='ltr'>peceato</span> <span class='ocrx_word' id='word_1_213' title='bbox 1405 2894 1409 2921; x_wconf 78' lang='lat'><em>²</em></span> 
     </span>
     <span class='ocr_line' id='line_1_25' title="bbox 169 2992 299 3053; baseline -0.008 0"><span class='ocrx_word' id='word_1_214' title='bbox 169 2992 299 3053; x_wconf 82' lang='lat' dir='ltr'>mortali.</span> 
     </span>
    </p>

    <p class='ocr_par' dir='ltr' id='par_1_7' title="bbox 171 3092 1409 3282">
     <span class='ocr_line' id='line_1_26' title="bbox 256 3092 1409 3176; baseline 0.01 -23"><span class='ocrx_word' id='word_1_215' title='bbox 256 3094 306 3153; x_wconf 84' lang='lat' dir='ltr'>Ex</span> <span class='ocrx_word' id='word_1_216' title='bbox 329 3115 388 3174; x_wconf 87' lang='lat' dir='ltr'>quo</span> <span class='ocrx_word' id='word_1_217' title='bbox 411 3102 497 3172; x_wconf 82' lang='lat' dir='ltr'>petet</span> <span class='ocrx_word' id='word_1_218' title='bbox 519 3102 635 3174; x_wconf 87' lang='lat' dir='ltr'>quorto,</span> <span class='ocrx_word' id='word_1_219' title='bbox 668 3095 758 3173; x_wconf 90' lang='lat' dir='ltr'>quod,</span> <span class='ocrx_word' id='word_1_220' title='bbox 782 3094 903 3176; x_wconf 90' lang='lat' dir='ltr'>quando</span> <span class='ocrx_word' id='word_1_221' title='bbox 925 3094 1118 3174; x_wconf 84' lang='lat' dir='ltr'>Augustinus</span> <span class='ocrx_word' id='word_1_222' title='bbox 1139 3092 1211 3157; x_wconf 77' lang='lat' dir='ltr'>H²⁶</span> <span class='ocrx_word' id='word_1_223' title='bbox 1236 3100 1278 3163; x_wconf 88' lang='lat' dir='ltr'>de</span> <span class='ocrx_word' id='word_1_224' title='bbox 1300 3100 1409 3164; x_wconf 66' lang='lat' dir='ltr'>tusi-a</span> 
     </span>
     <span class='ocr_line' id='line_1_27' title="bbox 171 3192 1381 3282; baseline 0.008 -24"><span class='ocrx_word' id='word_1_225' title='bbox 171 3198 289 3258; x_wconf 91' lang='lat' dir='ltr'>tacionc</span> <span class='ocrx_word' id='word_1_226' title='bbox 320 3197 512 3256; x_wconf 80' lang='lat' dir='ltr'>intirmorum</span> <span class='ocrx_word' id='word_1_227' title='bbox 543 3193 603 3258; x_wconf 66' lang='lat' dir='ltr'>siet</span> <span class='ocrx_word' id='word_1_228' title='bbox 634 3192 770 3258; x_wconf 74' lang='lat' dir='ltr'>scribit²⁷</span> <span class='ocrx_word' id='word_1_229' title='bbox 778 3220 785 3258; x_wconf 90' lang='lat'><strong>:</strong></span> <span class='ocrx_word' id='word_1_230' title='bbox 817 3219 878 3257; x_wconf 92' lang='lat' dir='ltr'>non</span> <span class='ocrx_word' id='word_1_231' title='bbox 907 3206 938 3258; x_wconf 89' lang='lat' dir='ltr'>te</span> <span class='ocrx_word' id='word_1_232' title='bbox 969 3198 1096 3259; x_wconf 87' lang='lat' dir='ltr'>seducet</span> <span class='ocrx_word' id='word_1_233' title='bbox 1127 3205 1381 3282; x_wconf 86' lang='lat' dir='ltr'>sompniaucium</span> 
     </span>
    </p>
   </div>
   <div class='ocr_carea' id='block_1_3' title="bbox 341 3381 1382 3624">
    <p class='ocr_par' dir='ltr' id='par_1_8' title="bbox 341 3381 1382 3624">
     <span class='ocr_line' id='line_1_28' title="bbox 384 3381 1382 3457; baseline 0.007 -26"><span class='ocrx_word' id='word_1_234' title='bbox 384 3381 394 3411; x_wconf 79' lang='lat'>&#39;¹</span> <span class='ocrx_word' id='word_1_235' title='bbox 412 3402 450 3448; x_wconf 82' lang='lat' dir='ltr'>cp.</span> <span class='ocrx_word' id='word_1_236' title='bbox 465 3388 529 3449; x_wconf 75' lang='lat' dir='ltr'>Acp.</span> <span class='ocrx_word' id='word_1_237' title='bbox 544 3387 607 3449; x_wconf 69' lang='lat' dir='ltr'>opp.</span> <span class='ocrx_word' id='word_1_238' title='bbox 627 3385 693 3434; x_wconf 80' lang='lat' dir='ltr'>Tom.</span> <span class='ocrx_word' id='word_1_239' title='bbox 703 3385 745 3433; x_wconf 82' lang='lat' dir='ltr'>VI</span> <span class='ocrx_word' id='word_1_240' title='bbox 758 3385 799 3433; x_wconf 81' lang='lat' dir='ltr'>De</span> <span class='ocrx_word' id='word_1_241' title='bbox 815 3385 885 3435; x_wconf 76' lang='lat' dir='ltr'>Vicit.</span> <span class='ocrx_word' id='word_1_242' title='bbox 897 3386 995 3453; x_wconf 72' lang='lat' dir='ltr'>Infima.</span> <span class='ocrx_word' id='word_1_243' title='bbox 1011 3385 1052 3435; x_wconf 83' lang='lat' dir='ltr'>lill.</span> <span class='ocrx_word' id='word_1_244' title='bbox 1063 3386 1100 3434; x_wconf 88' lang='lat' dir='ltr'>II</span> <span class='ocrx_word' id='word_1_245' title='bbox 1114 3404 1173 3451; x_wconf 78' lang='lat' dir='ltr'>cop.</span> <span class='ocrx_word' id='word_1_246' title='bbox 1182 3388 1236 3436; x_wconf 76' lang='lat'>11’</span> <span class='ocrx_word' id='word_1_247' title='bbox 1241 3410 1272 3457; x_wconf 79' lang='lat' dir='ltr'>p.</span> <span class='ocrx_word' id='word_1_248' title='bbox 1282 3396 1334 3444; x_wconf 72' lang='grc'>957</span> <span class='ocrx_word' id='word_1_249' title='bbox 1345 3396 1382 3444; x_wconf 69' lang='lat' dir='ltr'>R,-</span> 
     </span>
     <span class='ocr_line' id='line_1_29' title="bbox 341 3471 1382 3548; baseline 0.011 -29"><span class='ocrx_word' id='word_1_250' title='bbox 341 3488 390 3519; x_wconf 64' lang='grc' dir='ltr'>που</span> <span class='ocrx_word' id='word_1_251' title='bbox 406 3473 507 3519; x_wconf 79' lang='lat' dir='ltr'>seducat</span> <span class='ocrx_word' id='word_1_252' title='bbox 525 3477 548 3520; x_wconf 79' lang='lat' dir='ltr'>te</span> <span class='ocrx_word' id='word_1_253' title='bbox 565 3473 736 3519; x_wconf 79' lang='lat' dir='ltr'>somniantium</span> <span class='ocrx_word' id='word_1_254' title='bbox 753 3471 802 3519; x_wconf 82' lang='lat' dir='ltr'>illa</span> <span class='ocrx_word' id='word_1_255' title='bbox 812 3472 962 3536; x_wconf 69' lang='lat' dir='ltr'>superstitio,</span> <span class='ocrx_word' id='word_1_256' title='bbox 980 3488 1043 3535; x_wconf 79' lang='lat' dir='ltr'>qaae</span> <span class='ocrx_word' id='word_1_257' title='bbox 1060 3472 1086 3520; x_wconf 76' lang='lat' dir='ltr'>in</span> <span class='ocrx_word' id='word_1_258' title='bbox 1098 3473 1228 3524; x_wconf 55' lang='lat' dir='ltr'>&amp;cilcario</span> <span class='ocrx_word' id='word_1_259' title='bbox 1238 3481 1382 3548; x_wconf 71' lang='lat' dir='ltr'>confimat,</span> 
     </span>
     <span class='ocr_line' id='line_1_30' title="bbox 342 3557 1269 3624; baseline 0.008 -19"><span class='ocrx_word' id='word_1_260' title='bbox 342 3559 401 3620; x_wconf 77' lang='lat' dir='ltr'>quic</span> <span class='ocrx_word' id='word_1_261' title='bbox 418 3557 501 3605; x_wconf 77' lang='lat' dir='ltr'>relect</span> <span class='ocrx_word' id='word_1_262' title='bbox 517 3559 644 3606; x_wconf 77' lang='lat' dir='ltr'>socer-dote</span> <span class='ocrx_word' id='word_1_263' title='bbox 661 3557 798 3607; x_wconf 75' lang='lat' dir='ltr'>inconmlto</span> <span class='ocrx_word' id='word_1_264' title='bbox 816 3559 850 3606; x_wconf 81' lang='lat' dir='ltr'>ad</span> <span class='ocrx_word' id='word_1_265' title='bbox 868 3557 947 3606; x_wconf 80' lang='lat' dir='ltr'>Dema</span> <span class='ocrx_word' id='word_1_266' title='bbox 960 3561 1122 3621; x_wconf 67' lang='lat' dir='ltr'>peccatone</span> <span class='ocrx_word' id='word_1_267' title='bbox 1138 3561 1269 3624; x_wconf 66' lang='lat' dir='ltr'>consertio</span> 
     </span>
    </p>
   </div>
   <div class='ocr_carea' id='block_1_4' title="bbox 85 3708 1384 4299">
    <p class='ocr_par' dir='ltr' id='par_1_9' title="bbox 85 3708 1384 4299">
     <span class='ocr_line' id='line_1_31' title="bbox 241 3708 1383 3781; baseline 0.001 -20"><span class='ocrx_word' id='word_1_268' title='bbox 241 3709 262 3739; x_wconf 82' lang='lat'>¹³</span> <span class='ocrx_word' id='word_1_269' title='bbox 278 3712 474 3761; x_wconf 82' lang='lat' dir='ltr'>sacramentalis</span> <span class='ocrx_word' id='word_1_270' title='bbox 485 3709 544 3779; x_wconf 75' lang='grc' dir='ltr'>θαβ</span> <span class='ocrx_word' id='word_1_271' title='bbox 577 3712 701 3761; x_wconf 81' lang='lat' dir='ltr'>secularis</span> <span class='ocrx_word' id='word_1_272' title='bbox 712 3714 792 3775; x_wconf 61' lang='grc' dir='ltr'>(ΗΑ</span> <span class='ocrx_word' id='word_1_273' title='bbox 853 3708 875 3739; x_wconf 83' lang='lat'>¹⁴</span> <span class='ocrx_word' id='word_1_274' title='bbox 891 3708 978 3781; x_wconf 65' lang='lat' dir='ltr'>sicupi</span> <span class='ocrx_word' id='word_1_275' title='bbox 1011 3710 1045 3760; x_wconf 89' lang='lat' dir='ltr'>sit</span> <span class='ocrx_word' id='word_1_276' title='bbox 1056 3712 1073 3772; x_wconf 91' lang='lat'><em>(</em></span> <span class='ocrx_word' id='word_1_277' title='bbox 1074 3713 1102 3774; x_wconf 80' lang='lat' dir='ltr'>l)</span> <span class='ocrx_word' id='word_1_278' title='bbox 1111 3714 1163 3762; x_wconf 81' lang='lat' dir='ltr'>AC</span> <span class='ocrx_word' id='word_1_279' title='bbox 1230 3714 1254 3745; x_wconf 81' lang='lat'>¹⁵</span> <span class='ocrx_word' id='word_1_280' title='bbox 1272 3719 1383 3771; x_wconf 65' lang='lat' dir='ltr'>lioeneie</span> 
     </span>
     <span class='ocr_line' id='line_1_32' title="bbox 173 3794 1383 3867; baseline 0.01 -22"><span class='ocrx_word' id='word_1_281' title='bbox 173 3795 232 3867; x_wconf 52' lang='lat' dir='ltr'>Capi</span> <span class='ocrx_word' id='word_1_282' title='bbox 249 3799 391 3848; x_wconf 75' lang='lat' dir='ltr'>licencinA</span> <span class='ocrx_word' id='word_1_283' title='bbox 447 3796 672 3849; x_wconf 71' lang='lat' dir='ltr'>&#39;‘liuiusmorliCc</span> <span class='ocrx_word' id='word_1_284' title='bbox 700 3794 853 3867; x_wconf 66' lang='lat' dir='ltr'>lrorniniApi</span> <span class='ocrx_word' id='word_1_285' title='bbox 904 3794 925 3824; x_wconf 79' lang='lat'>¹⁷</span> <span class='ocrx_word' id='word_1_286' title='bbox 942 3800 1001 3847; x_wconf 72' lang='lat' dir='ltr'>nA</span> <span class='ocrx_word' id='word_1_287' title='bbox 1015 3799 1149 3847; x_wconf 42' lang='lat' dir='ltr'>ceddae</span> <span class='ocrx_word' id='word_1_288' title='bbox 1160 3816 1245 3853; x_wconf 67' lang='lat' dir='ltr'>man.-</span> <span class='ocrx_word' id='word_1_289' title='bbox 1264 3805 1338 3856; x_wconf 82' lang='lat' dir='ltr'>Nota</span> <span class='ocrx_word' id='word_1_290' title='bbox 1348 3804 1383 3856; x_wconf 74' lang='lat' dir='ltr'>A¹</span> 
     </span>
     <span class='ocr_line' id='line_1_33' title="bbox 173 3880 1382 3959; baseline 0 -26"><span class='ocrx_word' id='word_1_291' title='bbox 173 3884 194 3912; x_wconf 83' lang='lat'>¹⁸</span> <span class='ocrx_word' id='word_1_292' title='bbox 211 3903 235 3934; x_wconf 85' lang='lat' dir='ltr'>v.</span> <span class='ocrx_word' id='word_1_293' title='bbox 255 3887 326 3935; x_wconf 77' lang='lat' dir='ltr'>cCrr</span> <span class='ocrx_word' id='word_1_294' title='bbox 372 3900 395 3934; x_wconf 89' lang='lat' dir='ltr'>c.</span> <span class='ocrx_word' id='word_1_295' title='bbox 414 3902 438 3934; x_wconf 83' lang='lat' dir='ltr'>v.</span> <span class='ocrx_word' id='word_1_296' title='bbox 450 3882 494 3953; x_wconf 68' lang='lat' dir='ltr'>,4ss</span> <span class='ocrx_word' id='word_1_297' title='bbox 590 3880 610 3912; x_wconf 85' lang='lat'>¹⁹</span> <span class='ocrx_word' id='word_1_298' title='bbox 629 3882 779 3954; x_wconf 76' lang='lat' dir='ltr'>obtin.0cr(i</span> <span class='ocrx_word' id='word_1_299' title='bbox 818 3883 1011 3950; x_wconf 70' lang='lat' dir='ltr'>acquirentlod</span> <span class='ocrx_word' id='word_1_300' title='bbox 1098 3880 1121 3911; x_wconf 75' lang='lat'>⁸⁰</span> <span class='ocrx_word' id='word_1_301' title='bbox 1138 3887 1308 3950; x_wconf 66' lang='lat' dir='ltr'>panchaeo</span> <span class='ocrx_word' id='word_1_302' title='bbox 1340 3908 1382 3959; x_wconf 72' lang='lat' dir='ltr'>pa.</span> 
     </span>
     <span class='ocr_line' id='line_1_34' title="bbox 171 3966 1384 4044; baseline 0.003 -25"><span class='ocrx_word' id='word_1_303' title='bbox 171 3968 337 4040; x_wconf 37' lang='lat' dir='ltr'>sciretur-tufi</span> <span class='ocrx_word' id='word_1_304' title='bbox 389 3968 410 3998; x_wconf 75' lang='lat'>²¹</span> <span class='ocrx_word' id='word_1_305' title='bbox 429 3973 474 4020; x_wconf 87' lang='lat' dir='ltr'>Pa.</span> <span class='ocrx_word' id='word_1_306' title='bbox 488 3987 524 4036; x_wconf 89' lang='lat' dir='ltr'>pr.</span> <span class='ocrx_word' id='word_1_307' title='bbox 538 3986 597 4036; x_wconf 81' lang='lat' dir='ltr'>pora</span> <span class='ocrx_word' id='word_1_308' title='bbox 607 3967 673 4039; x_wconf 59' lang='lat' dir='ltr'>Aer]</span> <span class='ocrx_word' id='word_1_309' title='bbox 707 3987 745 4035; x_wconf 91' lang='lat' dir='ltr'>pr.</span> <span class='ocrx_word' id='word_1_310' title='bbox 757 3986 817 4036; x_wconf 82' lang='lat' dir='ltr'>pers</span> <span class='ocrx_word' id='word_1_311' title='bbox 828 3986 853 4034; x_wconf 92' lang='lat' dir='ltr'>p.</span> <span class='ocrx_word' id='word_1_312' title='bbox 868 3990 885 4020; x_wconf 86' lang='lat' dir='ltr'>c</span> <span class='ocrx_word' id='word_1_313' title='bbox 938 3966 961 3998; x_wconf 69' lang='lat'>²⁹</span> <span class='ocrx_word' id='word_1_314' title='bbox 978 3976 1051 4035; x_wconf 86' lang='lat' dir='ltr'>patet</span> <span class='ocrx_word' id='word_1_315' title='bbox 1061 3972 1099 4021; x_wconf 79' lang='lat' dir='ltr'>Cu</span> <span class='ocrx_word' id='word_1_316' title='bbox 1135 3972 1249 4044; x_wconf 45' lang='lat' dir='ltr'>omnip?</span> <span class='ocrx_word' id='word_1_317' title='bbox 1303 3974 1327 4005; x_wconf 55' lang='grc' dir='ltr'>θ’</span> <span class='ocrx_word' id='word_1_318' title='bbox 1344 3986 1384 4029; x_wconf 63' lang='grc' dir='ltr'>ωε</span> 
     </span>
     <span class='ocr_line' id='line_1_35' title="bbox 85 4053 1384 4137; baseline 0.008 -32"><span class='ocrx_word' id='word_1_319' title='bbox 85 4126 90 4137; x_wconf 33' lang='lat'><strong>·</strong></span> <span class='ocrx_word' id='word_1_320' title='bbox 175 4061 238 4105; x_wconf 67' lang='lat' dir='ltr'>Acir</span> <span class='ocrx_word' id='word_1_321' title='bbox 275 4054 349 4127; x_wconf 67' lang='lat' dir='ltr'>oms?</span> <span class='ocrx_word' id='word_1_322' title='bbox 401 4055 551 4107; x_wconf 73' lang='lat' dir='ltr'>²⁴cu.ACrs</span> <span class='ocrx_word' id='word_1_323' title='bbox 589 4062 629 4106; x_wconf 84' lang='lat' dir='ltr'>est</span> <span class='ocrx_word' id='word_1_324' title='bbox 645 4054 716 4126; x_wconf 55' lang='lat' dir='ltr'>cust</span> <span class='ocrx_word' id='word_1_325' title='bbox 767 4053 789 4083; x_wconf 77' lang='lat'>²⁵</span> <span class='ocrx_word' id='word_1_326' title='bbox 801 4055 948 4106; x_wconf 83' lang='lat' dir='ltr'>huiusmodi</span> <span class='ocrx_word' id='word_1_327' title='bbox 958 4057 996 4106; x_wconf 76' lang='lat' dir='ltr'>Oc</span> <span class='ocrx_word' id='word_1_328' title='bbox 1036 4056 1134 4106; x_wconf 88' lang='lat' dir='ltr'>homini</span> <span class='ocrx_word' id='word_1_329' title='bbox 1144 4055 1193 4128; x_wconf 64' lang='lat' dir='ltr'>Ast</span> <span class='ocrx_word' id='word_1_330' title='bbox 1250 4059 1384 4133; x_wconf 62' lang='lat' dir='ltr'>”livori</span> 
     </span>
     <span class='ocr_line' id='line_1_36' title="bbox 207 4139 1384 4207; baseline 0.005 -18"><span class='ocrx_word' id='word_1_331' title='bbox 207 4160 252 4191; x_wconf 85' lang='lat' dir='ltr'>om.</span> <span class='ocrx_word' id='word_1_332' title='bbox 264 4147 286 4190; x_wconf 83' lang='grc' dir='ltr'><em>Α</em></span> <span class='ocrx_word' id='word_1_333' title='bbox 341 4139 362 4170; x_wconf 75' lang='lat'>‘²⁷</span> <span class='ocrx_word' id='word_1_334' title='bbox 381 4145 404 4191; x_wconf 79' lang='lat' dir='ltr'>r&#39;o</span> <span class='ocrx_word' id='word_1_335' title='bbox 418 4147 442 4193; x_wconf 79' lang='grc' dir='ltr'><em>Α</em></span> <span class='ocrx_word' id='word_1_336' title='bbox 462 4146 484 4191; x_wconf 77' lang='lat' dir='ltr'>ir</span> <span class='ocrx_word' id='word_1_337' title='bbox 501 4146 559 4193; x_wconf 81' lang='lat' dir='ltr'>cdd.</span> <span class='ocrx_word' id='word_1_338' title='bbox 577 4146 602 4192; x_wconf 79' lang='lat' dir='ltr'>ic</span> <span class='ocrx_word' id='word_1_339' title='bbox 620 4160 698 4194; x_wconf 66' lang='lat' dir='ltr'>mar„-</span> <span class='ocrx_word' id='word_1_340' title='bbox 715 4142 878 4207; x_wconf 75' lang='lat' dir='ltr'>Augustinus</span> <span class='ocrx_word' id='word_1_341' title='bbox 895 4141 928 4192; x_wconf 87' lang='lat' dir='ltr'>dc</span> <span class='ocrx_word' id='word_1_342' title='bbox 946 4142 1108 4192; x_wconf 84' lang='lat' dir='ltr'>confessione</span> <span class='ocrx_word' id='word_1_343' title='bbox 1119 4142 1165 4201; x_wconf 72' lang='lat'>11¹,</span> <span class='ocrx_word' id='word_1_344' title='bbox 1184 4146 1230 4195; x_wconf 77' lang='lat' dir='ltr'>bct</span> <span class='ocrx_word' id='word_1_345' title='bbox 1249 4152 1303 4199; x_wconf 70' lang='lat' dir='ltr'>thio</span> <span class='ocrx_word' id='word_1_346' title='bbox 1319 4168 1384 4201; x_wconf 56' lang='lat' dir='ltr'>aar.</span> 
     </span>
     <span class='ocr_line' id='line_1_37' title="bbox 172 4229 1158 4299; baseline 0.008 -24"><span class='ocrx_word' id='word_1_347' title='bbox 172 4230 244 4293; x_wconf 73' lang='lat' dir='ltr'>pinel</span> <span class='ocrx_word' id='word_1_348' title='bbox 261 4230 329 4293; x_wconf 75' lang='lat' dir='ltr'>ploro</span> <span class='ocrx_word' id='word_1_349' title='bbox 347 4233 421 4295; x_wconf 74' lang='lat' dir='ltr'>eupli</span> <span class='ocrx_word' id='word_1_350' title='bbox 438 4236 463 4279; x_wconf 80' lang='lat' dir='ltr'>io</span> <span class='ocrx_word' id='word_1_351' title='bbox 481 4232 555 4279; x_wconf 83' lang='lat' dir='ltr'>stand</span> <span class='ocrx_word' id='word_1_352' title='bbox 572 4248 588 4279; x_wconf 85' lang='grc' dir='ltr'><em>α</em></span> <span class='ocrx_word' id='word_1_353' title='bbox 605 4232 652 4295; x_wconf 66' lang='lat' dir='ltr'>t&#39;esc</span> <span class='ocrx_word' id='word_1_354' title='bbox 670 4230 731 4281; x_wconf 74' lang='lat' dir='ltr'>lices</span> <span class='ocrx_word' id='word_1_355' title='bbox 748 4231 847 4297; x_wconf 73' lang='lat' dir='ltr'>further</span> <span class='ocrx_word' id='word_1_356' title='bbox 864 4246 902 4286; x_wconf 79' lang='lat' dir='ltr'>aa,</span> <span class='ocrx_word' id='word_1_357' title='bbox 919 4246 957 4299; x_wconf 69' lang='grc' dir='ltr'>φ.</span> <span class='ocrx_word' id='word_1_358' title='bbox 972 4246 999 4293; x_wconf 81' lang='lat' dir='ltr'>p.</span> <span class='ocrx_word' id='word_1_359' title='bbox 1019 4233 1069 4283; x_wconf 75' lang='lat'>509</span> <span class='ocrx_word' id='word_1_360' title='bbox 1087 4229 1105 4278; x_wconf 84' lang='grc' dir='ltr'>Ι.</span> <span class='ocrx_word' id='word_1_361' title='bbox 1125 4235 1158 4283; x_wconf 78' lang='grc'>10</span> 
     </span>
    </p>
   </div>
   <div class='ocr_carea' id='block_1_5' title="bbox 0 0 1552 5024">
    <p class='ocr_par' dir='ltr' id='par_1_10' title="bbox 0 0 1552 5024">
     <span class='ocr_line' id='line_1_38' title="bbox 0 0 1552 5024; baseline 0 0"><span class='ocrx_word' id='word_1_362' title='bbox 0 0 1552 5024; x_wconf 95' lang='lat' dir='ltr'> </span> 
     </span>
    </p>
   </div>
  </div>
 </body>
</html>
