<?xml version="1.0" encoding="UTF-8"?>
<!DOCTYPE html PUBLIC "-//W3C//DTD XHTML 1.0 Transitional//EN"
    "http://www.w3.org/TR/xhtml1/DTD/xhtml1-transitional.dtd">
<html xmlns="http://www.w3.org/1999/xhtml" xml:lang="en" lang="en">
 <head>
  <title>
</title>
<meta http-equiv="Content-Type" content="text/html;charset=utf-8" />
  <meta name='ocr-system' content='tesseract 3.04.00' />
  <meta name='ocr-capabilities' content='ocr_page ocr_carea ocr_par ocr_line ocrx_word'/>
</head>
<body>
  <div class='ocr_page' id='page_1' title='image "./johnwiclifspole00wyclgoog/johnwiclifspole00wyclgoog_0106.png"; bbox 0 0 3082 5024; ppageno 0'>
   <div class='ocr_carea' id='block_1_1' title="bbox 134 496 1341 593">
    <p class='ocr_par' dir='ltr' id='par_1_1' title="bbox 134 496 1341 593">
     <span class='ocr_line' id='line_1_1' title="bbox 134 496 1341 593; baseline 0.018 -58"><span class='ocrx_word' id='word_1_1' title='bbox 134 500 195 593; x_wconf 53' lang='lat' dir='ltr'>pap.</span> <span class='ocrx_word' id='word_1_2' title='bbox 217 497 259 545; x_wconf 73' lang='lat' dir='ltr'>VI</span> <span class='ocrx_word' id='word_1_3' title='bbox 268 496 273 560; x_wconf 72' lang='lat' dir='ltr'>l</span> <span class='ocrx_word' id='word_1_4' title='bbox 473 498 528 546; x_wconf 79' lang='lat' dir='ltr'>DE</span> <span class='ocrx_word' id='word_1_5' title='bbox 543 499 809 548; x_wconf 77' lang='lat' dir='ltr'><em>PERFEGTIONE</em></span> <span class='ocrx_word' id='word_1_6' title='bbox 826 500 1010 550; x_wconf 76' lang='lat' dir='ltr'>STATUUM.</span> <span class='ocrx_word' id='word_1_7' title='bbox 1280 507 1341 564; x_wconf 80' lang='grc'>477</span> 
     </span>
    </p>
   </div>
   <div class='ocr_carea' id='block_1_2' title="bbox 134 660 1344 3528">
    <p class='ocr_par' dir='ltr' id='par_1_2' title="bbox 134 660 1344 956">
     <span class='ocr_line' id='line_1_2' title="bbox 134 660 1344 750; baseline 0.003 -19"><span class='ocrx_word' id='word_1_8' title='bbox 134 660 219 747; x_wconf 71' lang='lat' dir='ltr'>{tanti</span> <span class='ocrx_word' id='word_1_9' title='bbox 249 670 388 742; x_wconf 77' lang='lat' dir='ltr'>ecclesie,</span> <span class='ocrx_word' id='word_1_10' title='bbox 420 671 446 730; x_wconf 86' lang='lat' dir='ltr'>si</span> <span class='ocrx_word' id='word_1_11' title='bbox 475 691 550 750; x_wconf 88' lang='lat' dir='ltr'>pure</span> <span class='ocrx_word' id='word_1_12' title='bbox 581 671 756 733; x_wconf 90' lang='lat' dir='ltr'>observaret</span> <span class='ocrx_word' id='word_1_13' title='bbox 785 674 849 734; x_wconf 89' lang='lat' dir='ltr'>sine</span> <span class='ocrx_word' id='word_1_14' title='bbox 880 673 992 733; x_wconf 83' lang='lat' dir='ltr'>talibus</span> <span class='ocrx_word' id='word_1_15' title='bbox 1024 673 1100 733; x_wconf 81' lang='lat' dir='ltr'>fictis</span> <span class='ocrx_word' id='word_1_16' title='bbox 1127 673 1344 736; x_wconf 76' lang='lat' dir='ltr'>tradicionibus</span> 
     </span>
     <span class='ocr_line' id='line_1_3' title="bbox 134 770 1344 854; baseline 0.004 -22"><span class='ocrx_word' id='word_1_17' title='bbox 134 770 242 852; x_wconf 75' lang='lat' dir='ltr'>‘legem</span> <span class='ocrx_word' id='word_1_18' title='bbox 264 772 366 835; x_wconf 88' lang='lat' dir='ltr'>Cristi.</span> <span class='ocrx_word' id='word_1_19' title='bbox 412 773 493 833; x_wconf 90' lang='lat' dir='ltr'>Nam</span> <span class='ocrx_word' id='word_1_20' title='bbox 524 774 670 853; x_wconf 90' lang='lat' dir='ltr'>quidquid</span> <span class='ocrx_word' id='word_1_21' title='bbox 699 775 913 854; x_wconf 81' lang='lat' dir='ltr'>superadditur</span> <span class='ocrx_word' id='word_1_22' title='bbox 944 776 993 837; x_wconf 86' lang='lat' dir='ltr'>vel</span> <span class='ocrx_word' id='word_1_23' title='bbox 1016 776 1055 836; x_wconf 93' lang='lat' dir='ltr'>ab</span> <span class='ocrx_word' id='word_1_24' title='bbox 1077 777 1136 837; x_wconf 86' lang='lat' dir='ltr'>ista</span> <span class='ocrx_word' id='word_1_25' title='bbox 1158 776 1344 837; x_wconf 89' lang='lat' dir='ltr'>subtrahitur</span> 
     </span>
     <span class='ocr_line' id='line_1_4' title="bbox 139 886 380 956; baseline -0.017 -17"><span class='ocrx_word' id='word_1_26' title='bbox 139 886 193 939; x_wconf 77' lang='lat' dir='ltr'>-at</span> <span class='ocrx_word' id='word_1_27' title='bbox 211 886 380 956; x_wconf 85' lang='lat' dir='ltr'>peccatum.</span> 
     </span>
    </p>

    <p class='ocr_par' dir='ltr' id='par_1_3' title="bbox 230 979 1344 1062">
     <span class='ocr_line' id='line_1_5' title="bbox 230 979 1344 1062; baseline 0.004 -23"><span class='ocrx_word' id='word_1_28' title='bbox 230 979 271 1040; x_wconf 86' lang='lat' dir='ltr'>Et</span> <span class='ocrx_word' id='word_1_29' title='bbox 300 980 500 1059; x_wconf 87' lang='lat' dir='ltr'>intelligendo</span> <span class='ocrx_word' id='word_1_30' title='bbox 530 980 812 1060; x_wconf 87' lang='lat' dir='ltr'>superaddicionem</span> <span class='ocrx_word' id='word_1_31' title='bbox 844 982 997 1042; x_wconf 82' lang='lat' dir='ltr'>sentencie</span> <span class='ocrx_word' id='word_1_32' title='bbox 1019 990 1173 1061; x_wconf 79' lang='lat' dir='ltr'>tamquam</span> <span class='ocrx_word' id='word_1_33' title='bbox 1202 984 1285 1062; x_wconf 89' lang='lat' dir='ltr'>legis,</span> <span class='ocrx_word' id='word_1_34' title='bbox 1310 995 1344 1044; x_wconf 91' lang='lat' dir='ltr'>ut</span> 
     </span>
    </p>

    <p class='ocr_par' dir='ltr' id='par_1_4' title="bbox 134 1078 1343 1576">
     <span class='ocr_line' id='line_1_6' title="bbox 134 1078 1342 1164; baseline 0.001 -19"><span class='ocrx_word' id='word_1_35' title='bbox 134 1078 228 1161; x_wconf 70' lang='lat' dir='ltr'>&#39;stega</span> <span class='ocrx_word' id='word_1_36' title='bbox 251 1083 370 1144; x_wconf 88' lang='lat' dir='ltr'>novelle</span> <span class='ocrx_word' id='word_1_37' title='bbox 395 1093 467 1144; x_wconf 89' lang='lat' dir='ltr'>sunt</span> <span class='ocrx_word' id='word_1_38' title='bbox 485 1092 604 1143; x_wconf 88' lang='lat' dir='ltr'>tantum</span> <span class='ocrx_word' id='word_1_39' title='bbox 624 1083 673 1143; x_wconf 88' lang='lat' dir='ltr'>vel</span> <span class='ocrx_word' id='word_1_40' title='bbox 692 1083 762 1162; x_wconf 91' lang='lat' dir='ltr'>plus</span> <span class='ocrx_word' id='word_1_41' title='bbox 782 1084 965 1162; x_wconf 88' lang='lat' dir='ltr'>appreciate,</span> <span class='ocrx_word' id='word_1_42' title='bbox 985 1105 1077 1164; x_wconf 89' lang='lat' dir='ltr'>quam</span> <span class='ocrx_word' id='word_1_43' title='bbox 1097 1085 1148 1144; x_wconf 89' lang='lat' dir='ltr'>lex</span> <span class='ocrx_word' id='word_1_44' title='bbox 1162 1085 1210 1145; x_wconf 90' lang='lat' dir='ltr'>dei</span> <span class='ocrx_word' id='word_1_45' title='bbox 1229 1096 1342 1160; x_wconf 87' lang='lat' dir='ltr'>eterna,</span> 
     </span>
     <span class='ocr_line' id='line_1_7' title="bbox 161 1184 1343 1268; baseline 0.003 -23"><span class='ocrx_word' id='word_1_46' title='bbox 161 1195 189 1245; x_wconf 85' lang='lat' dir='ltr'>nt</span> <span class='ocrx_word' id='word_1_47' title='bbox 212 1196 292 1265; x_wconf 85' lang='lat' dir='ltr'>patet</span> <span class='ocrx_word' id='word_1_48' title='bbox 323 1187 361 1248; x_wconf 88' lang='lat' dir='ltr'>de</span> <span class='ocrx_word' id='word_1_49' title='bbox 393 1187 492 1247; x_wconf 78' lang='lat' dir='ltr'>studio</span> <span class='ocrx_word' id='word_1_50' title='bbox 516 1186 554 1246; x_wconf 95' lang='lat' dir='ltr'>de</span> <span class='ocrx_word' id='word_1_51' title='bbox 576 1185 714 1264; x_wconf 89' lang='lat' dir='ltr'>profectu</span> <span class='ocrx_word' id='word_1_52' title='bbox 736 1186 786 1247; x_wconf 87' lang='lat' dir='ltr'>vel</span> <span class='ocrx_word' id='word_1_53' title='bbox 808 1188 933 1266; x_wconf 91' lang='lat' dir='ltr'>premio,</span> <span class='ocrx_word' id='word_1_54' title='bbox 966 1184 1081 1267; x_wconf 74' lang='lat' dir='ltr'>quod“</span> <span class='ocrx_word' id='word_1_55' title='bbox 1104 1188 1153 1248; x_wconf 92' lang='lat' dir='ltr'>hic</span> <span class='ocrx_word' id='word_1_56' title='bbox 1176 1189 1343 1268; x_wconf 84' lang='lat' dir='ltr'>accipimus</span> 
     </span>
     <span class='ocr_line' id='line_1_8' title="bbox 163 1288 1342 1369; baseline 0.003 -21"><span class='ocrx_word' id='word_1_57' title='bbox 163 1298 269 1369; x_wconf 83' lang='lat' dir='ltr'>propter</span> <span class='ocrx_word' id='word_1_58' title='bbox 297 1290 392 1363; x_wconf 91' lang='lat' dir='ltr'>illam,</span> <span class='ocrx_word' id='word_1_59' title='bbox 426 1299 458 1351; x_wconf 90' lang='lat' dir='ltr'>et</span> <span class='ocrx_word' id='word_1_60' title='bbox 487 1289 581 1350; x_wconf 87' lang='lat' dir='ltr'>nichil</span> <span class='ocrx_word' id='word_1_61' title='bbox 612 1288 763 1349; x_wconf 89' lang='lat' dir='ltr'>infidelius</span> <span class='ocrx_word' id='word_1_62' title='bbox 793 1298 824 1349; x_wconf 93' lang='lat' dir='ltr'>et</span> <span class='ocrx_word' id='word_1_63' title='bbox 854 1291 952 1368; x_wconf 91' lang='lat' dir='ltr'>magis</span> <span class='ocrx_word' id='word_1_64' title='bbox 982 1291 1158 1362; x_wconf 90' lang='lat' dir='ltr'>hereticum,</span> <span class='ocrx_word' id='word_1_65' title='bbox 1191 1312 1259 1352; x_wconf 92' lang='lat' dir='ltr'>cum</span> <span class='ocrx_word' id='word_1_66' title='bbox 1292 1293 1342 1353; x_wconf 87' lang='lat' dir='ltr'>lex</span> 
     </span>
     <span class='ocr_line' id='line_1_9' title="bbox 165 1390 1343 1473; baseline 0.003 -22"><span class='ocrx_word' id='word_1_67' title='bbox 165 1390 294 1470; x_wconf 74' lang='lat' dir='ltr'>legiferi⁴⁵</span> <span class='ocrx_word' id='word_1_68' title='bbox 325 1403 355 1453; x_wconf 91' lang='lat' dir='ltr'>et</span> <span class='ocrx_word' id='word_1_69' title='bbox 386 1393 451 1470; x_wconf 85' lang='lat' dir='ltr'>ipse</span> <span class='ocrx_word' id='word_1_70' title='bbox 482 1391 607 1471; x_wconf 76' lang='lat' dir='ltr'>legifer⁹</span> <span class='ocrx_word' id='word_1_71' title='bbox 630 1392 743 1452; x_wconf 90' lang='lat' dir='ltr'>debent</span> <span class='ocrx_word' id='word_1_72' title='bbox 765 1413 840 1473; x_wconf 91' lang='lat' dir='ltr'>eque</span> <span class='ocrx_word' id='word_1_73' title='bbox 863 1392 946 1453; x_wconf 88' lang='lat' dir='ltr'>laute</span> <span class='ocrx_word' id='word_1_74' title='bbox 969 1392 1064 1471; x_wconf 86' lang='lat' dir='ltr'>diligi.</span> <span class='ocrx_word' id='word_1_75' title='bbox 1109 1393 1152 1454; x_wconf 86' lang='lat' dir='ltr'>Et</span> <span class='ocrx_word' id='word_1_76' title='bbox 1172 1395 1215 1455; x_wconf 91' lang='lat' dir='ltr'>sic</span> <span class='ocrx_word' id='word_1_77' title='bbox 1238 1405 1343 1455; x_wconf 90' lang='lat' dir='ltr'>contra</span> 
     </span>
     <span class='ocr_line' id='line_1_10' title="bbox 166 1491 1341 1576; baseline 0.003 -21"><span class='ocrx_word' id='word_1_78' title='bbox 166 1495 274 1572; x_wconf 86' lang='lat' dir='ltr'>primum</span> <span class='ocrx_word' id='word_1_79' title='bbox 288 1496 467 1556; x_wconf 89' lang='lat' dir='ltr'>mandatum</span> <span class='ocrx_word' id='word_1_80' title='bbox 487 1494 624 1573; x_wconf 85' lang='lat' dir='ltr'>decalogi</span> <span class='ocrx_word' id='word_1_81' title='bbox 648 1494 778 1555; x_wconf 90' lang='lat' dir='ltr'>cultores</span> <span class='ocrx_word' id='word_1_82' title='bbox 800 1491 1009 1556; x_wconf 72' lang='lat' dir='ltr'>tradicionis¹⁶</span> <span class='ocrx_word' id='word_1_83' title='bbox 1031 1497 1163 1557; x_wconf 90' lang='lat' dir='ltr'>humane</span> <span class='ocrx_word' id='word_1_84' title='bbox 1178 1493 1341 1576; x_wconf 74' lang='lat' dir='ltr'>diligunt⁴&#39;</span> 
     </span>
    </p>

    <p class='ocr_par' dir='ltr' id='par_1_5' title="bbox 134 1578 999 1678">
     <span class='ocr_line' id='line_1_11' title="bbox 134 1578 999 1678; baseline 0.002 -23"><span class='ocrx_word' id='word_1_85' title='bbox 134 1578 245 1675; x_wconf 68' lang='lat' dir='ltr'>¹tllegcm</span> <span class='ocrx_word' id='word_1_86' title='bbox 265 1618 349 1658; x_wconf 81' lang='lat' dir='ltr'>suam</span> <span class='ocrx_word' id='word_1_87' title='bbox 373 1608 404 1658; x_wconf 87' lang='lat' dir='ltr'>et</span> <span class='ocrx_word' id='word_1_88' title='bbox 426 1598 490 1658; x_wconf 88' lang='lat' dir='ltr'>eius</span> <span class='ocrx_word' id='word_1_89' title='bbox 512 1597 671 1676; x_wconf 88' lang='lat' dir='ltr'>legiferum</span> <span class='ocrx_word' id='word_1_90' title='bbox 695 1598 763 1677; x_wconf 91' lang='lat' dir='ltr'>plus</span> <span class='ocrx_word' id='word_1_91' title='bbox 785 1618 876 1678; x_wconf 90' lang='lat' dir='ltr'>quam</span> <span class='ocrx_word' id='word_1_92' title='bbox 899 1598 999 1658; x_wconf 90' lang='lat' dir='ltr'>deum.</span> 
     </span>
    </p>

    <p class='ocr_par' dir='ltr' id='par_1_6' title="bbox 171 1700 1342 2090">
     <span class='ocr_line' id='line_1_12' title="bbox 235 1700 1341 1781; baseline 0.002 -20"><span class='ocrx_word' id='word_1_93' title='bbox 235 1701 264 1761; x_wconf 81' lang='lat' dir='ltr'>si</span> <span class='ocrx_word' id='word_1_94' title='bbox 289 1722 360 1779; x_wconf 91' lang='lat' dir='ltr'>ergo</span> <span class='ocrx_word' id='word_1_95' title='bbox 383 1701 422 1761; x_wconf 86' lang='lat' dir='ltr'>eit</span> <span class='ocrx_word' id='word_1_96' title='bbox 444 1710 603 1779; x_wconf 88' lang='lat' dir='ltr'>peccatum</span> <span class='ocrx_word' id='word_1_97' title='bbox 627 1700 832 1781; x_wconf 88' lang='lat' dir='ltr'>dampnabile,</span> <span class='ocrx_word' id='word_1_98' title='bbox 862 1700 974 1761; x_wconf 90' lang='lat' dir='ltr'>habere</span> <span class='ocrx_word' id='word_1_99' title='bbox 1003 1702 1121 1779; x_wconf 90' lang='lat' dir='ltr'>pondus</span> <span class='ocrx_word' id='word_1_100' title='bbox 1149 1703 1191 1776; x_wconf 83' lang='lat' dir='ltr'>(et</span> <span class='ocrx_word' id='word_1_101' title='bbox 1212 1703 1341 1781; x_wconf 83' lang='lat' dir='ltr'>pondus)</span> 
     </span>
     <span class='ocr_line' id='line_1_13' title="bbox 171 1801 1342 1883; baseline 0.004 -23"><span class='ocrx_word' id='word_1_102' title='bbox 171 1801 206 1862; x_wconf 80' lang='lat' dir='ltr'>vel</span> <span class='ocrx_word' id='word_1_103' title='bbox 223 1803 306 1863; x_wconf 86' lang='lat' dir='ltr'>aliam</span> <span class='ocrx_word' id='word_1_104' title='bbox 329 1823 502 1864; x_wconf 87' lang='lat' dir='ltr'>mensuram</span> <span class='ocrx_word' id='word_1_105' title='bbox 525 1803 678 1882; x_wconf 86' lang='lat' dir='ltr'>duplicem</span> <span class='ocrx_word' id='word_1_106' title='bbox 700 1825 754 1882; x_wconf 93' lang='lat' dir='ltr'>pro</span> <span class='ocrx_word' id='word_1_107' title='bbox 777 1806 915 1883; x_wconf 85' lang='lat' dir='ltr'>proximo</span> <span class='ocrx_word' id='word_1_108' title='bbox 937 1806 969 1864; x_wconf 90' lang='lat' dir='ltr'>in</span> <span class='ocrx_word' id='word_1_109' title='bbox 990 1803 1207 1883; x_wconf 89' lang='lat' dir='ltr'>temporalibus</span> <span class='ocrx_word' id='word_1_110' title='bbox 1223 1806 1342 1866; x_wconf 88' lang='lat' dir='ltr'>defrau-</span> 
     </span>
     <span class='ocr_line' id='line_1_14' title="bbox 172 1903 1341 1987; baseline 0.003 -22"><span class='ocrx_word' id='word_1_111' title='bbox 172 1903 257 1977; x_wconf 77' lang='lat' dir='ltr'>mdo,</span> <span class='ocrx_word' id='word_1_112' title='bbox 278 1917 392 1987; x_wconf 91' lang='lat' dir='ltr'>quanto</span> <span class='ocrx_word' id='word_1_113' title='bbox 413 1907 512 1984; x_wconf 86' lang='lat' dir='ltr'>magis</span> <span class='ocrx_word' id='word_1_114' title='bbox 534 1917 693 1985; x_wconf 87' lang='lat' dir='ltr'>peccatum</span> <span class='ocrx_word' id='word_1_115' title='bbox 717 1917 762 1968; x_wconf 92' lang='lat' dir='ltr'>est</span> <span class='ocrx_word' id='word_1_116' title='bbox 776 1907 899 1986; x_wconf 81' lang='lat' dir='ltr'>gravius</span> <span class='ocrx_word' id='word_1_117' title='bbox 913 1908 1047 1967; x_wconf 89' lang='lat' dir='ltr'>iniuriari</span> <span class='ocrx_word' id='word_1_118' title='bbox 1064 1909 1120 1968; x_wconf 90' lang='lat' dir='ltr'>deo</span> <span class='ocrx_word' id='word_1_119' title='bbox 1136 1909 1166 1967; x_wconf 94' lang='lat' dir='ltr'>in</span> <span class='ocrx_word' id='word_1_120' title='bbox 1183 1908 1341 1968; x_wconf 88' lang='lat' dir='ltr'>volucione</span> 
     </span>
     <span class='ocr_line' id='line_1_15' title="bbox 173 2008 1341 2090; baseline 0.003 -22"><span class='ocrx_word' id='word_1_121' title='bbox 173 2008 241 2068; x_wconf 81' lang='lat' dir='ltr'>mni</span> <span class='ocrx_word' id='word_1_122' title='bbox 259 2011 354 2088; x_wconf 89' lang='lat' dir='ltr'>magis</span> <span class='ocrx_word' id='word_1_123' title='bbox 377 2008 525 2088; x_wconf 90' lang='lat' dir='ltr'>diligibile</span> <span class='ocrx_word' id='word_1_124' title='bbox 547 2010 775 2089; x_wconf 87' lang='lat' dir='ltr'>postponendo?</span> <span class='ocrx_word' id='word_1_125' title='bbox 811 2010 854 2069; x_wconf 92' lang='lat' dir='ltr'>Et</span> <span class='ocrx_word' id='word_1_126' title='bbox 876 2011 1025 2070; x_wconf 83' lang='lat' dir='ltr'>adlatam</span> <span class='ocrx_word' id='word_1_127' title='bbox 1048 2010 1188 2070; x_wconf 86' lang='lat' dir='ltr'>fraudem</span> <span class='ocrx_word' id='word_1_128' title='bbox 1210 2011 1341 2090; x_wconf 86' lang='lat' dir='ltr'>religiosi</span> 
     </span>
    </p>

    <p class='ocr_par' dir='ltr' id='par_1_7' title="bbox 134 2082 1340 2295">
     <span class='ocr_line' id='line_1_16' title="bbox 134 2082 1339 2192; baseline 0.002 -23"><span class='ocrx_word' id='word_1_129' title='bbox 134 2082 207 2169; x_wconf 66' lang='lat' dir='ltr'>lssisc&#39;</span> <span class='ocrx_word' id='word_1_130' title='bbox 222 2112 326 2173; x_wconf 88' lang='lat' dir='ltr'>novelli</span> <span class='ocrx_word' id='word_1_131' title='bbox 348 2122 421 2173; x_wconf 94' lang='lat' dir='ltr'>sunt</span> <span class='ocrx_word' id='word_1_132' title='bbox 442 2111 643 2172; x_wconf 89' lang='lat' dir='ltr'>insolubiliter</span> <span class='ocrx_word' id='word_1_133' title='bbox 664 2113 820 2191; x_wconf 88' lang='lat' dir='ltr'>implicati,</span> <span class='ocrx_word' id='word_1_134' title='bbox 853 2113 933 2192; x_wconf 90' lang='lat' dir='ltr'>quia,</span> <span class='ocrx_word' id='word_1_135' title='bbox 963 2121 996 2172; x_wconf 87' lang='lat' dir='ltr'>ut</span> <span class='ocrx_word' id='word_1_136' title='bbox 1018 2112 1091 2172; x_wconf 91' lang='lat' dir='ltr'>dicit</span> <span class='ocrx_word' id='word_1_137' title='bbox 1113 2133 1168 2172; x_wconf 89' lang='lat' dir='ltr'>sua</span> <span class='ocrx_word' id='word_1_138' title='bbox 1190 2112 1339 2191; x_wconf 88' lang='lat' dir='ltr'>obligacio</span> 
     </span>
     <span class='ocr_line' id='line_1_17' title="bbox 174 2211 1340 2295; baseline 0.003 -25"><span class='ocrx_word' id='word_1_139' title='bbox 174 2211 356 2293; x_wconf 80' lang='lat' dir='ltr'>etnlgaris⁴⁸</span> <span class='ocrx_word' id='word_1_140' title='bbox 388 2215 514 2286; x_wconf 89' lang='lat' dir='ltr'>eleccio,</span> <span class='ocrx_word' id='word_1_141' title='bbox 550 2215 619 2293; x_wconf 89' lang='lat' dir='ltr'>plus</span> <span class='ocrx_word' id='word_1_142' title='bbox 654 2214 829 2294; x_wconf 87' lang='lat' dir='ltr'>obligantur</span> <span class='ocrx_word' id='word_1_143' title='bbox 859 2236 912 2276; x_wconf 93' lang='lat' dir='ltr'>suo</span> <span class='ocrx_word' id='word_1_144' title='bbox 948 2215 1046 2275; x_wconf 92' lang='lat' dir='ltr'>ordini</span> <span class='ocrx_word' id='word_1_145' title='bbox 1081 2235 1172 2295; x_wconf 90' lang='lat' dir='ltr'>quam</span> <span class='ocrx_word' id='word_1_146' title='bbox 1203 2215 1340 2293; x_wconf 87' lang='lat' dir='ltr'>religioni</span> 
     </span>
    </p>

    <p class='ocr_par' dir='ltr' id='par_1_8' title="bbox 134 2314 1342 2398">
     <span class='ocr_line' id='line_1_18' title="bbox 134 2314 1342 2398; baseline 0.002 -24"><span class='ocrx_word' id='word_1_147' title='bbox 134 2364 136 2369; x_wconf 96' lang='lat'>.</span> <span class='ocrx_word' id='word_1_148' title='bbox 175 2314 272 2394; x_wconf 83' lang='lat' dir='ltr'>simplici</span> <span class='ocrx_word' id='word_1_149' title='bbox 293 2319 449 2389; x_wconf 80' lang='lat' dir='ltr'>cristiane3</span> <span class='ocrx_word' id='word_1_150' title='bbox 473 2327 504 2378; x_wconf 88' lang='lat' dir='ltr'>et</span> <span class='ocrx_word' id='word_1_151' title='bbox 524 2317 575 2379; x_wconf 86' lang='lat' dir='ltr'>lex</span> <span class='ocrx_word' id='word_1_152' title='bbox 598 2319 647 2379; x_wconf 90' lang='lat' dir='ltr'>dei</span> <span class='ocrx_word' id='word_1_153' title='bbox 670 2319 744 2379; x_wconf 88' lang='lat' dir='ltr'>dicit</span> <span class='ocrx_word' id='word_1_154' title='bbox 765 2320 945 2398; x_wconf 85' lang='lat' dir='ltr'>oppositum.</span> <span class='ocrx_word' id='word_1_155' title='bbox 983 2318 1056 2378; x_wconf 93' lang='lat' dir='ltr'>Ideo</span> <span class='ocrx_word' id='word_1_156' title='bbox 1080 2318 1249 2378; x_wconf 83' lang='lat' dir='ltr'>necessitati</span> <span class='ocrx_word' id='word_1_157' title='bbox 1271 2327 1342 2377; x_wconf 88' lang='lat' dir='ltr'>sunt</span> 
     </span>
    </p>

    <p class='ocr_par' dir='ltr' id='par_1_9' title="bbox 134 2406 1341 2501">
     <span class='ocr_line' id='line_1_19' title="bbox 134 2406 1341 2501; baseline 0.006 -28"><span class='ocrx_word' id='word_1_158' title='bbox 134 2406 138 2415; x_wconf 78' lang='grc'><strong><em>’</em></strong></span> <span class='ocrx_word' id='word_1_159' title='bbox 175 2417 208 2476; x_wconf 79' lang='lat' dir='ltr'>vel</span> <span class='ocrx_word' id='word_1_160' title='bbox 230 2420 361 2482; x_wconf 83' lang='lat' dir='ltr'>fraudem</span> <span class='ocrx_word' id='word_1_161' title='bbox 393 2421 495 2482; x_wconf 89' lang='lat' dir='ltr'>facere</span> <span class='ocrx_word' id='word_1_162' title='bbox 525 2421 581 2482; x_wconf 92' lang='lat' dir='ltr'>deo</span> <span class='ocrx_word' id='word_1_163' title='bbox 613 2421 663 2482; x_wconf 92' lang='lat' dir='ltr'>vel</span> <span class='ocrx_word' id='word_1_164' title='bbox 685 2422 783 2482; x_wconf 92' lang='lat' dir='ltr'>ordini</span> <span class='ocrx_word' id='word_1_165' title='bbox 806 2442 859 2482; x_wconf 87' lang='lat' dir='ltr'>suo</span> <span class='ocrx_word' id='word_1_166' title='bbox 882 2421 930 2482; x_wconf 90' lang='lat' dir='ltr'>vel</span> <span class='ocrx_word' id='word_1_167' title='bbox 953 2422 1051 2501; x_wconf 89' lang='lat' dir='ltr'>ipsum</span> <span class='ocrx_word' id='word_1_168' title='bbox 1075 2429 1228 2499; x_wconf 84' lang='lat' dir='ltr'>tamquam</span> <span class='ocrx_word' id='word_1_169' title='bbox 1252 2440 1341 2491; x_wconf 84' lang='lat' dir='ltr'>vene-</span> 
     </span>
    </p>

    <p class='ocr_par' dir='ltr' id='par_1_10' title="bbox 134 2492 493 2603">
     <span class='ocr_line' id='line_1_20' title="bbox 134 2492 493 2603; baseline 0.003 -21"><span class='ocrx_word' id='word_1_170' title='bbox 134 2492 139 2543; x_wconf 53' lang='lat' dir='ltr'>l</span> <span class='ocrx_word' id='word_1_171' title='bbox 176 2535 252 2582; x_wconf 69' lang='lat' dir='ltr'>losum</span> <span class='ocrx_word' id='word_1_172' title='bbox 271 2534 493 2603; x_wconf 90' lang='lat' dir='ltr'>contempnere.</span> 
     </span>
    </p>

    <p class='ocr_par' dir='ltr' id='par_1_11' title="bbox 161 2622 1340 3528">
     <span class='ocr_line' id='line_1_21' title="bbox 236 2622 1339 2706; baseline 0.003 -22"><span class='ocrx_word' id='word_1_173' title='bbox 236 2624 300 2687; x_wconf 91' lang='lat' dir='ltr'>Ideo</span> <span class='ocrx_word' id='word_1_174' title='bbox 332 2648 402 2688; x_wconf 90' lang='lat' dir='ltr'>cum</span> <span class='ocrx_word' id='word_1_175' title='bbox 434 2647 576 2705; x_wconf 90' lang='lat' dir='ltr'>magnam</span> <span class='ocrx_word' id='word_1_176' title='bbox 600 2628 661 2687; x_wconf 90' lang='lat' dir='ltr'>vim</span> <span class='ocrx_word' id='word_1_177' title='bbox 683 2628 778 2688; x_wconf 88' lang='lat' dir='ltr'>habet</span> <span class='ocrx_word' id='word_1_178' title='bbox 799 2622 963 2706; x_wconf 77' lang='lat' dir='ltr'>simplex⁴⁹</span> <span class='ocrx_word' id='word_1_179' title='bbox 986 2627 1128 2687; x_wconf 86' lang='lat' dir='ltr'>cristiana</span> <span class='ocrx_word' id='word_1_180' title='bbox 1150 2626 1265 2705; x_wconf 91' lang='lat' dir='ltr'>religio,</span> <span class='ocrx_word' id='word_1_181' title='bbox 1297 2629 1339 2687; x_wconf 84' lang='lat' dir='ltr'>vi-</span> 
     </span>
     <span class='ocr_line' id='line_1_22' title="bbox 179 2720 1340 2811; baseline 0.004 -26"><span class='ocrx_word' id='word_1_182' title='bbox 179 2720 239 2785; x_wconf 79' lang='lat' dir='ltr'>lebn</span> <span class='ocrx_word' id='word_1_183' title='bbox 261 2730 362 2791; x_wconf 89' lang='lat' dir='ltr'>multis</span> <span class='ocrx_word' id='word_1_184' title='bbox 392 2729 559 2809; x_wconf 87' lang='lat' dir='ltr'>probabile,</span> <span class='ocrx_word' id='word_1_185' title='bbox 592 2731 673 2811; x_wconf 91' lang='lat' dir='ltr'>quod</span> <span class='ocrx_word' id='word_1_186' title='bbox 703 2730 831 2810; x_wconf 89' lang='lat' dir='ltr'>quilibet</span> <span class='ocrx_word' id='word_1_187' title='bbox 861 2731 899 2790; x_wconf 90' lang='lat' dir='ltr'>de</span> <span class='ocrx_word' id='word_1_188' title='bbox 921 2731 1066 2809; x_wconf 91' lang='lat' dir='ltr'>religione</span> <span class='ocrx_word' id='word_1_189' title='bbox 1086 2732 1146 2790; x_wconf 89' lang='lat' dir='ltr'>ista</span> <span class='ocrx_word' id='word_1_190' title='bbox 1167 2731 1288 2809; x_wconf 89' lang='lat' dir='ltr'>privata</span> <span class='ocrx_word' id='word_1_191' title='bbox 1309 2740 1340 2790; x_wconf 90' lang='lat' dir='ltr'>et</span> 
     </span>
     <span class='ocr_line' id='line_1_23' title="bbox 180 2831 1338 2914; baseline 0.001 -23"><span class='ocrx_word' id='word_1_192' title='bbox 180 2831 313 2902; x_wconf 66' lang='lat' dir='ltr'>lpreialiter</span> <span class='ocrx_word' id='word_1_193' title='bbox 334 2833 469 2911; x_wconf 87' lang='lat' dir='ltr'>prelatus</span> <span class='ocrx_word' id='word_1_194' title='bbox 492 2832 541 2893; x_wconf 92' lang='lat' dir='ltr'>vel</span> <span class='ocrx_word' id='word_1_195' title='bbox 564 2834 628 2894; x_wconf 93' lang='lat' dir='ltr'>eius</span> <span class='ocrx_word' id='word_1_196' title='bbox 650 2835 820 2913; x_wconf 89' lang='lat' dir='ltr'>prepositus</span> <span class='ocrx_word' id='word_1_197' title='bbox 843 2833 1018 2914; x_wconf 89' lang='lat' dir='ltr'>principalis</span> <span class='ocrx_word' id='word_1_198' title='bbox 1040 2833 1132 2894; x_wconf 89' lang='lat' dir='ltr'>debet</span> <span class='ocrx_word' id='word_1_199' title='bbox 1152 2834 1249 2912; x_wconf 91' lang='lat' dir='ltr'>ipsam</span> <span class='ocrx_word' id='word_1_200' title='bbox 1270 2854 1338 2894; x_wconf 91' lang='lat' dir='ltr'>con-</span> 
     </span>
     <span class='ocr_line' id='line_1_24' title="bbox 182 2936 1337 3015; baseline 0.005 -26"><span class='ocrx_word' id='word_1_201' title='bbox 182 2938 299 3009; x_wconf 74' lang='lat' dir='ltr'>tempnere</span> <span class='ocrx_word' id='word_1_202' title='bbox 329 2945 360 2995; x_wconf 89' lang='lat' dir='ltr'>et</span> <span class='ocrx_word' id='word_1_203' title='bbox 391 2944 537 3015; x_wconf 89' lang='lat' dir='ltr'>quantum</span> <span class='ocrx_word' id='word_1_204' title='bbox 569 2937 682 2998; x_wconf 85' lang='lat' dir='ltr'>sufficit</span> <span class='ocrx_word' id='word_1_205' title='bbox 711 2937 775 2997; x_wconf 91' lang='lat' dir='ltr'>eins</span> <span class='ocrx_word' id='word_1_206' title='bbox 798 2936 1027 2998; x_wconf 87' lang='lat' dir='ltr'>observanciam</span> <span class='ocrx_word' id='word_1_207' title='bbox 1051 2936 1213 2996; x_wconf 90' lang='lat' dir='ltr'>destruere.</span> <span class='ocrx_word' id='word_1_208' title='bbox 1257 2936 1337 2996; x_wconf 88' lang='lat' dir='ltr'>Nam</span> 
     </span>
     <span class='ocr_line' id='line_1_25' title="bbox 183 3026 1338 3119; baseline 0.009 -32"><span class='ocrx_word' id='word_1_209' title='bbox 183 3026 257 3091; x_wconf 64' lang='grc' dir='ltr'>ἰΙΙιιι]Μ</span> <span class='ocrx_word' id='word_1_210' title='bbox 276 3037 411 3117; x_wconf 86' lang='lat' dir='ltr'>implicat</span> <span class='ocrx_word' id='word_1_211' title='bbox 431 3039 566 3099; x_wconf 88' lang='lat' dir='ltr'>humana</span> <span class='ocrx_word' id='word_1_212' title='bbox 588 3039 703 3118; x_wconf 89' lang='lat' dir='ltr'>religio,</span> <span class='ocrx_word' id='word_1_213' title='bbox 736 3040 784 3100; x_wconf 90' lang='lat' dir='ltr'>cui</span> <span class='ocrx_word' id='word_1_214' title='bbox 815 3039 884 3119; x_wconf 90' lang='lat' dir='ltr'>plus</span> <span class='ocrx_word' id='word_1_215' title='bbox 906 3059 997 3119; x_wconf 89' lang='lat' dir='ltr'>quam</span> <span class='ocrx_word' id='word_1_216' title='bbox 1019 3039 1076 3098; x_wconf 92' lang='lat' dir='ltr'>isto</span> <span class='ocrx_word' id='word_1_217' title='bbox 1099 3039 1217 3117; x_wconf 90' lang='lat' dir='ltr'>privato</span> <span class='ocrx_word' id='word_1_218' title='bbox 1241 3038 1338 3098; x_wconf 89' lang='lat' dir='ltr'>ordini</span> 
     </span>
     <span class='ocr_line' id='line_1_26' title="bbox 161 3129 1337 3221; baseline 0.002 -23"><span class='ocrx_word' id='word_1_219' title='bbox 161 3129 320 3211; x_wconf 64' lang='lat' dir='ltr'>“bauanfl</span> <span class='ocrx_word' id='word_1_220' title='bbox 342 3140 526 3220; x_wconf 90' lang='lat' dir='ltr'>obligantur.</span> <span class='ocrx_word' id='word_1_221' title='bbox 570 3142 650 3202; x_wconf 90' lang='lat' dir='ltr'>Nam</span> <span class='ocrx_word' id='word_1_222' title='bbox 674 3163 743 3203; x_wconf 90' lang='lat' dir='ltr'>cum</span> <span class='ocrx_word' id='word_1_223' title='bbox 765 3143 824 3203; x_wconf 91' lang='lat' dir='ltr'>ista</span> <span class='ocrx_word' id='word_1_224' title='bbox 845 3143 966 3221; x_wconf 89' lang='lat' dir='ltr'>privata</span> <span class='ocrx_word' id='word_1_225' title='bbox 986 3142 1092 3219; x_wconf 90' lang='lat' dir='ltr'>religio</span> <span class='ocrx_word' id='word_1_226' title='bbox 1115 3141 1337 3221; x_wconf 90' lang='lat' dir='ltr'>quodammodo</span> 
     </span>
     <span class='ocr_line' id='line_1_27' title="bbox 187 3229 1336 3323; baseline 0.003 -23"><span class='ocrx_word' id='word_1_227' title='bbox 187 3229 286 3301; x_wconf 74' lang='lat' dir='ltr'>dlmbuit</span> <span class='ocrx_word' id='word_1_228' title='bbox 303 3245 478 3305; x_wconf 88' lang='lat' dir='ltr'>accidencia</span> <span class='ocrx_word' id='word_1_229' title='bbox 499 3253 531 3304; x_wconf 88' lang='lat' dir='ltr'>et</span> <span class='ocrx_word' id='word_1_230' title='bbox 551 3240 815 3306; x_wconf 70' lang='lat' dir='ltr'>observanciam⁵²</span> <span class='ocrx_word' id='word_1_231' title='bbox 845 3244 998 3323; x_wconf 88' lang='lat' dir='ltr'>religionis</span> <span class='ocrx_word' id='word_1_232' title='bbox 1020 3244 1164 3322; x_wconf 90' lang='lat' dir='ltr'>simplicis</span> <span class='ocrx_word' id='word_1_233' title='bbox 1186 3244 1336 3314; x_wconf 84' lang='lat' dir='ltr'>cristiano,</span> 
     </span>
     <span class='ocr_line' id='line_1_28' title="bbox 188 3330 1337 3429; baseline 0.004 -27"><span class='ocrx_word' id='word_1_234' title='bbox 188 3330 231 3410; x_wconf 64' lang='lat' dir='ltr'>llll</span> <span class='ocrx_word' id='word_1_235' title='bbox 245 3342 354 3406; x_wconf 78' lang='lat' dir='ltr'>debet⁶³</span> <span class='ocrx_word' id='word_1_236' title='bbox 376 3359 532 3428; x_wconf 88' lang='lat' dir='ltr'>tamquam</span> <span class='ocrx_word' id='word_1_237' title='bbox 554 3348 781 3427; x_wconf 90' lang='lat' dir='ltr'>preponderans</span> <span class='ocrx_word' id='word_1_238' title='bbox 804 3369 872 3409; x_wconf 92' lang='lat' dir='ltr'>cum</span> <span class='ocrx_word' id='word_1_239' title='bbox 889 3347 1025 3429; x_wconf 89' lang='lat' dir='ltr'>qualibet</span> <span class='ocrx_word' id='word_1_240' title='bbox 1039 3357 1126 3426; x_wconf 89' lang='lat' dir='ltr'>parte</span> <span class='ocrx_word' id='word_1_241' title='bbox 1141 3367 1196 3407; x_wconf 89' lang='lat' dir='ltr'>sua</span> <span class='ocrx_word' id='word_1_242' title='bbox 1203 3343 1231 3380; x_wconf 74' lang='lat'>⁵⁴</span> <span class='ocrx_word' id='word_1_243' title='bbox 1247 3356 1337 3428; x_wconf 90' lang='lat' dir='ltr'>atque</span> 
     </span>
     <span class='ocr_line' id='line_1_29' title="bbox 190 3449 823 3528; baseline 0.022 -32"><span class='ocrx_word' id='word_1_244' title='bbox 190 3452 297 3506; x_wconf 75' lang='lat' dir='ltr'>ennena</span> <span class='ocrx_word' id='word_1_245' title='bbox 318 3449 385 3528; x_wconf 89' lang='lat' dir='ltr'>plus</span> <span class='ocrx_word' id='word_1_246' title='bbox 407 3450 503 3528; x_wconf 90' lang='lat' dir='ltr'>diligi.</span> <span class='ocrx_word' id='word_1_247' title='bbox 548 3450 639 3511; x_wconf 90' lang='lat' dir='ltr'>Patet</span> <span class='ocrx_word' id='word_1_248' title='bbox 661 3451 823 3511; x_wconf 90' lang='lat' dir='ltr'>conclusio.</span> 
     </span>
    </p>
   </div>
   <div class='ocr_carea' id='block_1_3' title="bbox 197 3569 314 3592">
    <p class='ocr_par' dir='ltr' id='par_1_12' title="bbox 197 3569 314 3592">
     <span class='ocr_line' id='line_1_30' title="bbox 197 3569 229 3579; baseline 0 -2"><span class='ocrx_word' id='word_1_249' title='bbox 197 3569 229 3579; x_wconf 41' lang='lat' dir='ltr'>s.</span> 
     </span>
     <span class='ocr_line' id='line_1_31' title="bbox 255 3582 314 3592; baseline 0.017 -1"><span class='ocrx_word' id='word_1_250' title='bbox 255 3582 314 3592; x_wconf 43' lang='grc' dir='ltr'>ἣ.-</span> 
     </span>
    </p>
   </div>
   <div class='ocr_carea' id='block_1_4' title="bbox 354 3650 1338 3718">
    <p class='ocr_par' dir='ltr' id='par_1_13' title="bbox 354 3650 1338 3718">
     <span class='ocr_line' id='line_1_32' title="bbox 354 3650 1338 3718; baseline -0.002 -15"><span class='ocrx_word' id='word_1_251' title='bbox 354 3659 365 3688; x_wconf 74' lang='lat'><strong><em>⁹</em></strong></span> <span class='ocrx_word' id='word_1_252' title='bbox 382 3657 399 3704; x_wconf 84' lang='grc' dir='ltr'>ι’.</span> <span class='ocrx_word' id='word_1_253' title='bbox 411 3671 432 3703; x_wconf 88' lang='lat' dir='ltr'>e.</span> <span class='ocrx_word' id='word_1_254' title='bbox 446 3655 534 3715; x_wconf 68' lang='lat' dir='ltr'>carba</span> <span class='ocrx_word' id='word_1_255' title='bbox 547 3673 584 3718; x_wconf 74' lang='lat' dir='ltr'>cp.</span> <span class='ocrx_word' id='word_1_256' title='bbox 596 3656 641 3703; x_wconf 88' lang='lat' dir='ltr'>De</span> <span class='ocrx_word' id='word_1_257' title='bbox 659 3655 900 3711; x_wconf 76' lang='lat' dir='ltr'>Vaticinatione,</span> <span class='ocrx_word' id='word_1_258' title='bbox 912 3655 965 3702; x_wconf 78' lang='lat' dir='ltr'>cod.</span> <span class='ocrx_word' id='word_1_259' title='bbox 976 3655 1053 3716; x_wconf 72' lang='lat' dir='ltr'>Prap.</span> <span class='ocrx_word' id='word_1_260' title='bbox 1064 3653 1105 3702; x_wconf 92' lang='grc' dir='ltr'>ΙΙ.</span> <span class='ocrx_word' id='word_1_261' title='bbox 1120 3655 1151 3701; x_wconf 69' lang='grc' dir='ltr'>(ἶ.</span> <span class='ocrx_word' id='word_1_262' title='bbox 1168 3658 1205 3701; x_wconf 86' lang='lat'>11.</span> <span class='ocrx_word' id='word_1_263' title='bbox 1218 3654 1264 3716; x_wconf 73' lang='lat' dir='ltr'>fol.</span> <span class='ocrx_word' id='word_1_264' title='bbox 1277 3650 1338 3702; x_wconf 66' lang='lat'>9910</span> 
     </span>
    </p>
   </div>
   <div class='ocr_carea' id='block_1_5' title="bbox 194 3826 1341 4332">
    <p class='ocr_par' dir='ltr' id='par_1_14' title="bbox 194 3826 1341 4332">
     <span class='ocr_line' id='line_1_33' title="bbox 204 3826 1338 3915; baseline -0.003 -24"><span class='ocrx_word' id='word_1_265' title='bbox 204 3826 368 3915; x_wconf 37' lang='lat' dir='ltr'>&amp;qaonp</span> <span class='ocrx_word' id='word_1_266' title='bbox 403 3844 628 3904; x_wconf 55' lang='lat' dir='ltr'>cremonam)</span> <span class='ocrx_word' id='word_1_267' title='bbox 641 3845 721 3908; x_wconf 74' lang='lat' dir='ltr'>qna</span> <span class='ocrx_word' id='word_1_268' title='bbox 783 3839 805 3870; x_wconf 77' lang='lat'>⁴⁶</span> <span class='ocrx_word' id='word_1_269' title='bbox 823 3843 961 3908; x_wconf 69' lang='lat' dir='ltr'>agraria</span> <span class='ocrx_word' id='word_1_270' title='bbox 995 3838 1162 3909; x_wconf 68' lang='lat' dir='ltr'>ugiarcns</span> <span class='ocrx_word' id='word_1_271' title='bbox 1223 3837 1244 3866; x_wconf 72' lang='lat'>⁴⁶</span> <span class='ocrx_word' id='word_1_272' title='bbox 1262 3840 1338 3889; x_wconf 69' lang='lat' dir='ltr'>trani.</span> 
     </span>
     <span class='ocr_line' id='line_1_34' title="bbox 194 3911 1337 3997; baseline -0.003 -19"><span class='ocrx_word' id='word_1_273' title='bbox 194 3911 300 3991; x_wconf 50' lang='lat' dir='ltr'>‘libold</span> <span class='ocrx_word' id='word_1_274' title='bbox 325 3929 517 3979; x_wconf 85' lang='lat' dir='ltr'>tradicionesD</span> <span class='ocrx_word' id='word_1_275' title='bbox 569 3924 591 3955; x_wconf 85' lang='lat'>⁴⁷</span> <span class='ocrx_word' id='word_1_276' title='bbox 608 3927 678 3978; x_wconf 85' lang='lat' dir='ltr'>bum.</span> <span class='ocrx_word' id='word_1_277' title='bbox 691 3928 734 3977; x_wconf 88' lang='lat' dir='ltr'>dil.</span> <span class='ocrx_word' id='word_1_278' title='bbox 751 3926 841 3997; x_wconf 59' lang='lat' dir='ltr'>0121:ss</span> <span class='ocrx_word' id='word_1_279' title='bbox 876 3928 989 3977; x_wconf 89' lang='lat' dir='ltr'>humane</span> <span class='ocrx_word' id='word_1_280' title='bbox 1002 3927 1142 3992; x_wconf 83' lang='lat' dir='ltr'>diligenter</span> <span class='ocrx_word' id='word_1_281' title='bbox 1152 3926 1263 3975; x_wconf 82' lang='lat' dir='ltr'>cultores</span> <span class='ocrx_word' id='word_1_282' title='bbox 1273 3926 1337 3975; x_wconf 86' lang='lat' dir='ltr'>trad.</span> 
     </span>
     <span class='ocr_line' id='line_1_35' title="bbox 195 3987 1341 4082; baseline -0.002 -21"><span class='ocrx_word' id='word_1_283' title='bbox 195 3987 369 4073; x_wconf 58' lang='lat' dir='ltr'>ludificas</span> <span class='ocrx_word' id='word_1_284' title='bbox 428 4011 641 4082; x_wconf 60' lang='lat' dir='ltr'>“wlgamcns</span> <span class='ocrx_word' id='word_1_285' title='bbox 676 4014 780 4080; x_wconf 66' lang='lat' dir='ltr'>mgna</span> <span class='ocrx_word' id='word_1_286' title='bbox 790 4016 822 4071; x_wconf 83' lang='lat' dir='ltr'>n,</span> <span class='ocrx_word' id='word_1_287' title='bbox 835 4015 931 4063; x_wconf 59' lang='lat' dir='ltr'>arares</span> <span class='ocrx_word' id='word_1_288' title='bbox 948 4017 999 4064; x_wconf 76' lang='lat' dir='ltr'>aa</span> <span class='ocrx_word' id='word_1_289' title='bbox 1013 4013 1122 4078; x_wconf 61' lang='lat' dir='ltr'>organa</span> <span class='ocrx_word' id='word_1_290' title='bbox 1131 4009 1172 4060; x_wconf 83' lang='lat' dir='ltr'>n¹</span> <span class='ocrx_word' id='word_1_291' title='bbox 1210 4011 1341 4078; x_wconf 67' lang='lat' dir='ltr'>wigstan</span> 
     </span>
     <span class='ocr_line' id='line_1_36' title="bbox 195 4068 1337 4183; baseline 0.001 -39"><span class='ocrx_word' id='word_1_292' title='bbox 195 4068 377 4183; x_wconf 49' lang='lat' dir='ltr'>{mnemon</span> <span class='ocrx_word' id='word_1_293' title='bbox 408 4096 483 4169; x_wconf 66' lang='lat' dir='ltr'>aaa</span> <span class='ocrx_word' id='word_1_294' title='bbox 557 4096 579 4127; x_wconf 77' lang='lat'>⁶⁰</span> <span class='ocrx_word' id='word_1_295' title='bbox 597 4100 745 4150; x_wconf 83' lang='lat' dir='ltr'>nrunonn</span> <span class='ocrx_word' id='word_1_296' title='bbox 778 4097 832 4170; x_wconf 72' lang='grc' dir='ltr'>ιιβ</span> <span class='ocrx_word' id='word_1_297' title='bbox 910 4097 931 4127; x_wconf 81' lang='lat'>⁶¹</span> <span class='ocrx_word' id='word_1_298' title='bbox 950 4098 1159 4165; x_wconf 69' lang='lat' dir='ltr'>singurasonn</span> <span class='ocrx_word' id='word_1_299' title='bbox 1191 4096 1337 4166; x_wconf 63' lang='lat' dir='ltr'>sagonna</span> 
     </span>
     <span class='ocr_line' id='line_1_37' title="bbox 197 4165 1339 4266; baseline -0.001 -35"><span class='ocrx_word' id='word_1_300' title='bbox 197 4165 410 4266; x_wconf 58' lang='lat' dir='ltr'>“llllflrvanciamss</span> <span class='ocrx_word' id='word_1_301' title='bbox 453 4186 708 4235; x_wconf 80' lang='lat' dir='ltr'>observanciaODE</span> <span class='ocrx_word' id='word_1_302' title='bbox 775 4183 797 4214; x_wconf 77' lang='lat'>⁶⁵</span> <span class='ocrx_word' id='word_1_303' title='bbox 818 4186 897 4236; x_wconf 82' lang='lat' dir='ltr'>debet</span> <span class='ocrx_word' id='word_1_304' title='bbox 915 4187 939 4234; x_wconf 80' lang='lat' dir='ltr'>in</span> <span class='ocrx_word' id='word_1_305' title='bbox 956 4183 975 4254; x_wconf 81' lang='grc' dir='ltr'><em>β</em></span> <span class='ocrx_word' id='word_1_306' title='bbox 993 4188 1018 4233; x_wconf 80' lang='lat' dir='ltr'>in</span> <span class='ocrx_word' id='word_1_307' title='bbox 1034 4201 1097 4233; x_wconf 84' lang='lat' dir='ltr'>mar.</span> <span class='ocrx_word' id='word_1_308' title='bbox 1116 4184 1144 4247; x_wconf 73' lang='lat' dir='ltr'>by</span> <span class='ocrx_word' id='word_1_309' title='bbox 1163 4185 1202 4232; x_wconf 75' lang='lat' dir='ltr'>the</span> <span class='ocrx_word' id='word_1_310' title='bbox 1220 4183 1339 4232; x_wconf 68' lang='lat' dir='ltr'>lecticari</span> 
     </span>
     <span class='ocr_line' id='line_1_38' title="bbox 223 4259 447 4332; baseline 0.004 -13"><span class='ocrx_word' id='word_1_311' title='bbox 223 4259 312 4332; x_wconf 58' lang='grc' dir='ltr'>’Μῦβ</span> <span class='ocrx_word' id='word_1_312' title='bbox 342 4272 447 4321; x_wconf 70' lang='lat' dir='ltr'>oraffl&#39;</span> 
     </span>
    </p>
   </div>
   <div class='ocr_carea' id='block_1_6' title="bbox 0 0 1546 5024">
    <p class='ocr_par' dir='ltr' id='par_1_15' title="bbox 0 0 1546 5024">
     <span class='ocr_line' id='line_1_39' title="bbox 0 0 1546 5024; baseline 0 2"><span class='ocrx_word' id='word_1_313' title='bbox 0 0 1546 5024; x_wconf 95' lang='lat' dir='ltr'> </span> 
     </span>
    </p>
   </div>
  </div>
 </body>
</html>
