<?xml version="1.0" encoding="UTF-8"?>
<!DOCTYPE html PUBLIC "-//W3C//DTD XHTML 1.0 Transitional//EN"
    "http://www.w3.org/TR/xhtml1/DTD/xhtml1-transitional.dtd">
<html xmlns="http://www.w3.org/1999/xhtml" xml:lang="en" lang="en">
 <head>
  <title>
</title>
<meta http-equiv="Content-Type" content="text/html;charset=utf-8" />
  <meta name='ocr-system' content='tesseract 3.04.00' />
  <meta name='ocr-capabilities' content='ocr_page ocr_carea ocr_par ocr_line ocrx_word'/>
</head>
<body>
  <div class='ocr_page' id='page_1' title='image "./johnwiclifspole00wyclgoog/johnwiclifspole00wyclgoog_0144.png"; bbox 0 0 3082 5024; ppageno 0'>
   <div class='ocr_carea' id='block_1_1' title="bbox 140 463 1400 546">
    <p class='ocr_par' dir='ltr' id='par_1_1' title="bbox 140 463 1400 546">
     <span class='ocr_line' id='line_1_1' title="bbox 140 463 1400 546; baseline -0.033 -2"><span class='ocrx_word' id='word_1_1' title='bbox 140 476 299 546; x_wconf 60' lang='grc'><strong><em>1-7111]</em></strong></span> <span class='ocrx_word' id='word_1_2' title='bbox 488 479 543 528; x_wconf 81' lang='lat' dir='ltr'><strong>Dr</strong></span> <span class='ocrx_word' id='word_1_3' title='bbox 558 463 775 528; x_wconf 74' lang='lat' dir='ltr'><strong>numerosa</strong></span> <span class='ocrx_word' id='word_1_4' title='bbox 789 478 951 528; x_wconf 66' lang='lat' dir='ltr'><strong>ramim</strong></span> <span class='ocrx_word' id='word_1_5' title='bbox 970 480 993 528; x_wconf 79' lang='grc' dir='ltr'><strong>ι.</strong></span> <span class='ocrx_word' id='word_1_6' title='bbox 1277 487 1338 546; x_wconf 67' lang='lat'><strong>515,</strong></span> <span class='ocrx_word' id='word_1_7' title='bbox 1394 489 1400 503; x_wconf 92' lang='lat'>.</span> 
     </span>
    </p>
   </div>
   <div class='ocr_carea' id='block_1_2' title="bbox 140 650 1340 838">
    <p class='ocr_par' dir='ltr' id='par_1_2' title="bbox 140 650 1340 838">
     <span class='ocr_line' id='line_1_2' title="bbox 140 650 1337 735; baseline 0.001 -22"><span class='ocrx_word' id='word_1_8' title='bbox 140 651 290 713; x_wconf 81' lang='lat' dir='ltr'><strong>miluunt</strong></span> <span class='ocrx_word' id='word_1_9' title='bbox 324 650 508 711; x_wconf 78' lang='lat' dir='ltr'><strong>claustrales</strong></span> <span class='ocrx_word' id='word_1_10' title='bbox 538 650 577 710; x_wconf 92' lang='lat' dir='ltr'><strong>ad</strong></span> <span class='ocrx_word' id='word_1_11' title='bbox 609 661 720 712; x_wconf 85' lang='lat' dir='ltr'><strong>statum</strong></span> <span class='ocrx_word' id='word_1_12' title='bbox 754 652 921 712; x_wconf 88' lang='lat' dir='ltr'><strong>secularem</strong></span> <span class='ocrx_word' id='word_1_13' title='bbox 953 651 1157 732; x_wconf 88' lang='lat' dir='ltr'><strong>perfectorum</strong></span> <span class='ocrx_word' id='word_1_14' title='bbox 1182 663 1337 735; x_wconf 81' lang='lat' dir='ltr'><strong>tamquam</strong></span> 
     </span>
     <span class='ocr_line' id='line_1_3' title="bbox 140 753 1340 838; baseline 0.003 -23"><span class='ocrx_word' id='word_1_15' title='bbox 140 753 160 815; x_wconf 78' lang='lat' dir='ltr'><strong>ri</strong></span> <span class='ocrx_word' id='word_1_16' title='bbox 193 763 321 814; x_wconf 84' lang='lat' dir='ltr'><strong>statum</strong></span> <span class='ocrx_word' id='word_1_17' title='bbox 346 755 627 832; x_wconf 81' lang='lat' dir='ltr'><strong>supererogacionis</strong></span> <span class='ocrx_word' id='word_1_18' title='bbox 649 754 880 816; x_wconf 77' lang='lat' dir='ltr'><strong>accidentaliter</strong></span> <span class='ocrx_word' id='word_1_19' title='bbox 901 755 971 835; x_wconf 91' lang='lat' dir='ltr'><strong>plus</strong></span> <span class='ocrx_word' id='word_1_20' title='bbox 993 756 1171 835; x_wconf 87' lang='lat' dir='ltr'><strong>perfectum,</strong></span> <span class='ocrx_word' id='word_1_21' title='bbox 1204 778 1262 838; x_wconf 89' lang='lat' dir='ltr'><strong>que</strong></span> <span class='ocrx_word' id='word_1_22' title='bbox 1284 779 1340 838; x_wconf 88' lang='lat' dir='ltr'><strong>per</strong></span> 
     </span>
    </p>
   </div>
   <div class='ocr_carea' id='block_1_3' title="bbox 140 853 1449 938">
    <p class='ocr_par' dir='ltr' id='par_1_3' title="bbox 140 853 1449 938">
     <span class='ocr_line' id='line_1_4' title="bbox 140 853 1449 938; baseline 0.002 -19"><span class='ocrx_word' id='word_1_23' title='bbox 140 857 276 919; x_wconf 67' lang='lat' dir='ltr'><strong>euidens</strong></span> <span class='ocrx_word' id='word_1_24' title='bbox 301 855 456 934; x_wconf 82' lang='lat' dir='ltr'><strong>perfeccio</strong></span> <span class='ocrx_word' id='word_1_25' title='bbox 479 858 661 938; x_wconf 81' lang='lat' dir='ltr'><strong>quandoque</strong></span> <span class='ocrx_word' id='word_1_26' title='bbox 684 859 832 936; x_wconf 86' lang='lat' dir='ltr'><strong>contingit</strong></span> <span class='ocrx_word' id='word_1_27' title='bbox 853 859 974 919; x_wconf 84' lang='lat' dir='ltr'><strong>racione</strong></span> <span class='ocrx_word' id='word_1_28' title='bbox 993 858 1172 921; x_wconf 80' lang='lat' dir='ltr'><strong>honestioris</strong></span> <span class='ocrx_word' id='word_1_29' title='bbox 1187 861 1339 922; x_wconf 85' lang='lat' dir='ltr'><strong>societatis</strong></span> <span class='ocrx_word' id='word_1_30' title='bbox 1445 853 1449 860; x_wconf 70' lang='grc'><strong><em>’</em></strong></span> 
     </span>
    </p>
   </div>
   <div class='ocr_carea' id='block_1_4' title="bbox 140 959 1340 2894">
    <p class='ocr_par' dir='ltr' id='par_1_4' title="bbox 140 959 1137 1040">
     <span class='ocr_line' id='line_1_5' title="bbox 140 959 1137 1040; baseline 0 -18"><span class='ocrx_word' id='word_1_31' title='bbox 140 959 174 1022; x_wconf 72' lang='lat' dir='ltr'><strong>el</strong></span> <span class='ocrx_word' id='word_1_32' title='bbox 196 959 319 1040; x_wconf 89' lang='lat' dir='ltr'><strong>prelati</strong></span> <span class='ocrx_word' id='word_1_33' title='bbox 341 959 451 1020; x_wconf 88' lang='lat' dir='ltr'><strong>melius</strong></span> <span class='ocrx_word' id='word_1_34' title='bbox 473 960 604 1038; x_wconf 87' lang='lat' dir='ltr'><strong>regentis</strong></span> <span class='ocrx_word' id='word_1_35' title='bbox 626 971 681 1021; x_wconf 87' lang='lat' dir='ltr'><strong>aut</strong></span> <span class='ocrx_word' id='word_1_36' title='bbox 701 961 827 1022; x_wconf 91' lang='lat' dir='ltr'><strong>alterius</strong></span> <span class='ocrx_word' id='word_1_37' title='bbox 849 962 1013 1022; x_wconf 85' lang='lat' dir='ltr'><strong>consimilis</strong></span> <span class='ocrx_word' id='word_1_38' title='bbox 1035 982 1137 1023; x_wconf 88' lang='lat' dir='ltr'><strong>causa.</strong></span> 
     </span>
    </p>

    <p class='ocr_par' dir='ltr' id='par_1_5' title="bbox 140 1062 1340 2174">
     <span class='ocr_line' id='line_1_6' title="bbox 211 1062 1340 1144; baseline 0.004 -22"><span class='ocrx_word' id='word_1_39' title='bbox 211 1062 269 1122; x_wconf 88' lang='lat' dir='ltr'><strong>Ex</strong></span> <span class='ocrx_word' id='word_1_40' title='bbox 294 1083 357 1142; x_wconf 92' lang='lat' dir='ltr'><strong>quc</strong></span> <span class='ocrx_word' id='word_1_41' title='bbox 379 1072 474 1142; x_wconf 86' lang='lat' dir='ltr'><strong>patet,</strong></span> <span class='ocrx_word' id='word_1_42' title='bbox 495 1063 576 1143; x_wconf 91' lang='lat' dir='ltr'><strong>quod</strong></span> <span class='ocrx_word' id='word_1_43' title='bbox 592 1063 751 1124; x_wconf 85' lang='lat' dir='ltr'><strong>cristianus</strong></span> <span class='ocrx_word' id='word_1_44' title='bbox 765 1064 931 1125; x_wconf 89' lang='lat' dir='ltr'><strong>observans</strong></span> <span class='ocrx_word' id='word_1_45' title='bbox 945 1066 1167 1144; x_wconf 86' lang='lat' dir='ltr'><strong>perfeccionem</strong></span> <span class='ocrx_word' id='word_1_46' title='bbox 1182 1067 1340 1144; x_wconf 81' lang='lat' dir='ltr'><strong>euangelii</strong></span> 
     </span>
     <span class='ocr_line' id='line_1_7' title="bbox 140 1165 1340 1249; baseline 0.001 -20"><span class='ocrx_word' id='word_1_47' title='bbox 140 1175 218 1229; x_wconf 73' lang='lat' dir='ltr'><strong>m</strong></span> <span class='ocrx_word' id='word_1_48' title='bbox 241 1165 415 1226; x_wconf 89' lang='lat' dir='ltr'><strong>claustrum</strong></span> <span class='ocrx_word' id='word_1_49' title='bbox 439 1166 596 1245; x_wconf 90' lang='lat' dir='ltr'><strong>corporale</strong></span> <span class='ocrx_word' id='word_1_50' title='bbox 618 1187 680 1228; x_wconf 94' lang='lat' dir='ltr'><strong>non</strong></span> <span class='ocrx_word' id='word_1_51' title='bbox 702 1167 812 1229; x_wconf 89' lang='lat' dir='ltr'><strong>dicitur</strong></span> <span class='ocrx_word' id='word_1_52' title='bbox 834 1168 987 1249; x_wconf 81' lang='lat' dir='ltr'><strong>seculqris,</strong></span> <span class='ocrx_word' id='word_1_53' title='bbox 1011 1169 1083 1247; x_wconf 89' lang='lat' dir='ltr'><strong>quia</strong></span> <span class='ocrx_word' id='word_1_54' title='bbox 1101 1169 1178 1229; x_wconf 87' lang='lat' dir='ltr'><strong>vivit</strong></span> <span class='ocrx_word' id='word_1_55' title='bbox 1192 1170 1340 1230; x_wconf 89' lang='lat' dir='ltr'><strong>essencia·</strong></span> 
     </span>
     <span class='ocr_line' id='line_1_8' title="bbox 140 1264 1339 1350; baseline 0 -19"><span class='ocrx_word' id='word_1_56' title='bbox 140 1268 198 1331; x_wconf 76' lang='lat' dir='ltr'><strong>iter</strong></span> <span class='ocrx_word' id='word_1_57' title='bbox 229 1264 484 1348; x_wconf 79' lang='lat' dir='ltr'><strong>imperfeccius¹⁶</strong></span> <span class='ocrx_word' id='word_1_58' title='bbox 515 1270 657 1329; x_wconf 87' lang='lat' dir='ltr'><strong>cristiano</strong></span> <span class='ocrx_word' id='word_1_59' title='bbox 680 1269 861 1331; x_wconf 85' lang='lat' dir='ltr'><strong>observante</strong></span> <span class='ocrx_word' id='word_1_60' title='bbox 883 1271 1104 1350; x_wconf 80' lang='lat' dir='ltr'><strong>perfeccionem</strong></span> <span class='ocrx_word' id='word_1_61' title='bbox 1127 1271 1285 1349; x_wconf 81' lang='lat' dir='ltr'><strong>euangelii</strong></span> <span class='ocrx_word' id='word_1_62' title='bbox 1307 1273 1339 1332; x_wconf 94' lang='lat' dir='ltr'><strong>in</strong></span> 
     </span>
     <span class='ocr_line' id='line_1_9' title="bbox 140 1369 1339 1454; baseline 0.001 -21"><span class='ocrx_word' id='word_1_63' title='bbox 140 1370 276 1445; x_wconf 71' lang='lat' dir='ltr'><strong>laustrc,</strong></span> <span class='ocrx_word' id='word_1_64' title='bbox 302 1371 357 1432; x_wconf 87' lang='lat' dir='ltr'><strong>sed</strong></span> <span class='ocrx_word' id='word_1_65' title='bbox 380 1371 553 1432; x_wconf 90' lang='lat' dir='ltr'><strong>huiusmodi</strong></span> <span class='ocrx_word' id='word_1_66' title='bbox 575 1369 766 1434; x_wconf 83' lang='lat' dir='ltr'><strong>cristianus¹⁷</strong></span> <span class='ocrx_word' id='word_1_67' title='bbox 791 1374 902 1435; x_wconf 89' lang='lat' dir='ltr'><strong>dicitur</strong></span> <span class='ocrx_word' id='word_1_68' title='bbox 928 1374 1081 1447; x_wconf 78' lang='lat' dir='ltr'><strong>secularis,</strong></span> <span class='ocrx_word' id='word_1_69' title='bbox 1114 1374 1185 1454; x_wconf 90' lang='lat' dir='ltr'><strong>quia</strong></span> <span class='ocrx_word' id='word_1_70' title='bbox 1216 1373 1339 1435; x_wconf 86' lang='lat' dir='ltr'><strong>exclau-</strong></span> 
     </span>
     <span class='ocr_line' id='line_1_10' title="bbox 140 1474 1338 1557; baseline 0.002 -21"><span class='ocrx_word' id='word_1_71' title='bbox 140 1474 276 1546; x_wconf 74' lang='lat' dir='ltr'><strong>trsliter,</strong></span> <span class='ocrx_word' id='word_1_72' title='bbox 302 1474 343 1534; x_wconf 86' lang='lat' dir='ltr'><strong>ad</strong></span> <span class='ocrx_word' id='word_1_73' title='bbox 366 1494 457 1553; x_wconf 86' lang='lat' dir='ltr'><strong>quem</strong></span> <span class='ocrx_word' id='word_1_74' title='bbox 479 1495 600 1536; x_wconf 88' lang='lat' dir='ltr'><strong>sensum</strong></span> <span class='ocrx_word' id='word_1_75' title='bbox 623 1476 747 1536; x_wconf 87' lang='lat' dir='ltr'><strong>fuerunt</strong></span> <span class='ocrx_word' id='word_1_76' title='bbox 768 1475 885 1538; x_wconf 88' lang='lat' dir='ltr'><strong>Cristus</strong></span> <span class='ocrx_word' id='word_1_77' title='bbox 907 1488 937 1537; x_wconf 89' lang='lat' dir='ltr'><strong>et</strong></span> <span class='ocrx_word' id='word_1_78' title='bbox 959 1478 1004 1537; x_wconf 88' lang='lat' dir='ltr'><strong>sui</strong></span> <span class='ocrx_word' id='word_1_79' title='bbox 1027 1477 1156 1557; x_wconf 89' lang='lat' dir='ltr'><strong>apostoli</strong></span> <span class='ocrx_word' id='word_1_80' title='bbox 1178 1498 1247 1537; x_wconf 89' lang='lat' dir='ltr'><strong>cum</strong></span> <span class='ocrx_word' id='word_1_81' title='bbox 1271 1477 1338 1538; x_wconf 91' lang='lat' dir='ltr'><strong>aliis</strong></span> 
     </span>
     <span class='ocr_line' id='line_1_11' title="bbox 140 1573 1339 1641; baseline 0.002 -2"><span class='ocrx_word' id='word_1_82' title='bbox 140 1578 268 1639; x_wconf 62' lang='lat' dir='ltr'><strong>arrecto</strong></span> <span class='ocrx_word' id='word_1_83' title='bbox 302 1597 355 1638; x_wconf 86' lang='lat' dir='ltr'><strong>ecs</strong></span> <span class='ocrx_word' id='word_1_84' title='bbox 385 1573 608 1639; x_wconf 79' lang='lat' dir='ltr'><strong>imitantibus¹⁸</strong></span> <span class='ocrx_word' id='word_1_85' title='bbox 640 1580 802 1641; x_wconf 89' lang='lat' dir='ltr'><strong>seculares.</strong></span> <span class='ocrx_word' id='word_1_86' title='bbox 846 1580 911 1641; x_wconf 88' lang='lat' dir='ltr'><strong>Nec</strong></span> <span class='ocrx_word' id='word_1_87' title='bbox 943 1581 1146 1641; x_wconf 83' lang='lat' dir='ltr'><strong>contrariatur</strong></span> <span class='ocrx_word' id='word_1_88' title='bbox 1176 1580 1247 1641; x_wconf 91' lang='lat' dir='ltr'><strong>huic</strong></span> <span class='ocrx_word' id='word_1_89' title='bbox 1272 1601 1339 1641; x_wconf 84' lang='lat' dir='ltr'><strong>aen·</strong></span> 
     </span>
     <span class='ocr_line' id='line_1_12' title="bbox 140 1679 1338 1763; baseline 0.003 -22"><span class='ocrx_word' id='word_1_90' title='bbox 140 1681 229 1741; x_wconf 70' lang='lat' dir='ltr'><strong>acie</strong></span> <span class='ocrx_word' id='word_1_91' title='bbox 243 1679 366 1740; x_wconf 85' lang='lat' dir='ltr'><strong>dictum</strong></span> <span class='ocrx_word' id='word_1_92' title='bbox 380 1679 565 1759; x_wconf 70' lang='lat' dir='ltr'><strong>Augustini‘*</strong></span> <span class='ocrx_word' id='word_1_93' title='bbox 579 1682 712 1761; x_wconf 89' lang='lat' dir='ltr'><strong>positum</strong></span> <span class='ocrx_word' id='word_1_94' title='bbox 727 1683 758 1743; x_wconf 88' lang='lat' dir='ltr'><strong>in</strong></span> <span class='ocrx_word' id='word_1_95' title='bbox 774 1681 899 1744; x_wconf 85' lang='lat' dir='ltr'><strong>Canone</strong></span> <span class='ocrx_word' id='word_1_96' title='bbox 916 1686 965 1755; x_wconf 80' lang='lat'><strong>12,</strong></span> <span class='ocrx_word' id='word_1_97' title='bbox 989 1704 1038 1763; x_wconf 91' lang='lat' dir='ltr'><strong>qu.</strong></span> <span class='ocrx_word' id='word_1_98' title='bbox 1057 1688 1084 1757; x_wconf 89' lang='lat'><strong>1,</strong></span> <span class='ocrx_word' id='word_1_99' title='bbox 1101 1704 1184 1762; x_wconf 82' lang='lat' dir='ltr'><strong>cap:</strong></span> <span class='ocrx_word' id='word_1_100' title='bbox 1203 1679 1338 1757; x_wconf 51' lang='lat' dir='ltr'><strong>‘certer</strong></span> 
     </span>
     <span class='ocr_line' id='line_1_13' title="bbox 140 1782 1338 1868; baseline 0.003 -25"><span class='ocrx_word' id='word_1_101' title='bbox 140 1802 161 1843; x_wconf 93' lang='lat' dir='ltr'><strong>n</strong></span> <span class='ocrx_word' id='word_1_102' title='bbox 181 1803 244 1864; x_wconf 92' lang='lat' dir='ltr'><strong>quo</strong></span> <span class='ocrx_word' id='word_1_103' title='bbox 267 1791 364 1844; x_wconf 86' lang='lat' dir='ltr'><strong>vocat</strong></span> <span class='ocrx_word' id='word_1_104' title='bbox 385 1782 509 1844; x_wconf 89' lang='lat' dir='ltr'><strong>clericos</strong></span> <span class='ocrx_word' id='word_1_105' title='bbox 531 1784 683 1846; x_wconf 75' lang='lat' dir='ltr'><strong>secmares</strong></span> <span class='ocrx_word' id='word_1_106' title='bbox 703 1785 837 1858; x_wconf 90' lang='lat' dir='ltr'><strong>claudos,</strong></span> <span class='ocrx_word' id='word_1_107' title='bbox 862 1787 933 1868; x_wconf 91' lang='lat' dir='ltr'><strong>quia</strong></span> <span class='ocrx_word' id='word_1_108' title='bbox 946 1787 979 1846; x_wconf 94' lang='lat' dir='ltr'><strong>in</strong></span> <span class='ocrx_word' id='word_1_109' title='bbox 993 1786 1059 1865; x_wconf 90' lang='lat' dir='ltr'><strong>ipso</strong></span> <span class='ocrx_word' id='word_1_110' title='bbox 1075 1786 1156 1847; x_wconf 94' lang='lat' dir='ltr'><strong>dicto</strong></span> <span class='ocrx_word' id='word_1_111' title='bbox 1172 1806 1232 1846; x_wconf 94' lang='lat' dir='ltr'><strong>non</strong></span> <span class='ocrx_word' id='word_1_112' title='bbox 1247 1795 1338 1847; x_wconf 90' lang='lat' dir='ltr'><strong>vocat</strong></span> 
     </span>
     <span class='ocr_line' id='line_1_14' title="bbox 140 1884 1337 1969; baseline 0.002 -22"><span class='ocrx_word' id='word_1_113' title='bbox 140 1905 181 1947; x_wconf 76' lang='lat' dir='ltr'><strong>aa</strong></span> <span class='ocrx_word' id='word_1_114' title='bbox 211 1886 355 1959; x_wconf 88' lang='lat' dir='ltr'><strong>claudos,</strong></span> <span class='ocrx_word' id='word_1_115' title='bbox 388 1887 460 1967; x_wconf 91' lang='lat' dir='ltr'><strong>quia</strong></span> <span class='ocrx_word' id='word_1_116' title='bbox 480 1889 603 1949; x_wconf 88' lang='lat' dir='ltr'><strong>suntin</strong></span> <span class='ocrx_word' id='word_1_117' title='bbox 625 1897 708 1949; x_wconf 91' lang='lat' dir='ltr'><strong>statu</strong></span> <span class='ocrx_word' id='word_1_118' title='bbox 729 1890 934 1949; x_wconf 86' lang='lat' dir='ltr'><strong>essencialiter</strong></span> <span class='ocrx_word' id='word_1_119' title='bbox 954 1884 1215 1968; x_wconf 82' lang='lat' dir='ltr'><strong>irnperfecciori,¹⁹</strong></span> <span class='ocrx_word' id='word_1_120' title='bbox 1246 1909 1337 1969; x_wconf 88' lang='lat' dir='ltr'><strong>quam</strong></span> 
     </span>
     <span class='ocr_line' id='line_1_15' title="bbox 140 1989 1336 2073; baseline 0 -22"><span class='ocrx_word' id='word_1_121' title='bbox 140 1998 178 2051; x_wconf 68' lang='lat' dir='ltr'><strong>nt</strong></span> <span class='ocrx_word' id='word_1_122' title='bbox 196 1999 299 2050; x_wconf 86' lang='lat' dir='ltr'><strong>status</strong></span> <span class='ocrx_word' id='word_1_123' title='bbox 322 1989 542 2064; x_wconf 87' lang='lat' dir='ltr'><strong>claustralium,</strong></span> <span class='ocrx_word' id='word_1_124' title='bbox 566 1991 620 2052; x_wconf 87' lang='lat' dir='ltr'><strong>sed</strong></span> <span class='ocrx_word' id='word_1_125' title='bbox 643 1992 714 2073; x_wconf 84' lang='lat' dir='ltr'><strong>quia</strong></span> <span class='ocrx_word' id='word_1_126' title='bbox 734 1992 766 2051; x_wconf 90' lang='lat' dir='ltr'><strong>in</strong></span> <span class='ocrx_word' id='word_1_127' title='bbox 789 1991 896 2052; x_wconf 91' lang='lat' dir='ltr'><strong>diebus</strong></span> <span class='ocrx_word' id='word_1_128' title='bbox 918 1993 980 2053; x_wconf 90' lang='lat' dir='ltr'><strong>suis</strong></span> <span class='ocrx_word' id='word_1_129' title='bbox 1001 2002 1036 2051; x_wconf 90' lang='lat' dir='ltr'><strong>ut</strong></span> <span class='ocrx_word' id='word_1_130' title='bbox 1058 1992 1257 2052; x_wconf 88' lang='lat' dir='ltr'><strong>communiter</strong></span> <span class='ocrx_word' id='word_1_131' title='bbox 1275 2013 1336 2053; x_wconf 93' lang='lat' dir='ltr'><strong>non</strong></span> 
     </span>
     <span class='ocr_line' id='line_1_16' title="bbox 140 2089 1176 2174; baseline 0.002 -22"><span class='ocrx_word' id='word_1_132' title='bbox 140 2091 322 2154; x_wconf 74' lang='lat' dir='ltr'><strong>ucelleuter</strong></span> <span class='ocrx_word' id='word_1_133' title='bbox 343 2093 481 2172; x_wconf 85' lang='lat' dir='ltr'><strong>perfecte</strong></span> <span class='ocrx_word' id='word_1_134' title='bbox 503 2089 741 2154; x_wconf 77' lang='lat' dir='ltr'><strong>observabant²⁰</strong></span> <span class='ocrx_word' id='word_1_135' title='bbox 763 2094 984 2174; x_wconf 88' lang='lat' dir='ltr'><strong>perfeccionem</strong></span> <span class='ocrx_word' id='word_1_136' title='bbox 1008 2094 1176 2171; x_wconf 83' lang='lat' dir='ltr'><strong>euangelii.</strong></span> 
     </span>
    </p>

    <p class='ocr_par' dir='ltr' id='par_1_6' title="bbox 140 2193 1336 2894">
     <span class='ocr_line' id='line_1_17' title="bbox 217 2193 1335 2277; baseline 0.001 -22"><span class='ocrx_word' id='word_1_137' title='bbox 217 2193 365 2256; x_wconf 85' lang='lat' dir='ltr'><strong>Secundo</strong></span> <span class='ocrx_word' id='word_1_138' title='bbox 396 2204 491 2277; x_wconf 85' lang='lat' dir='ltr'><strong>patet,</strong></span> <span class='ocrx_word' id='word_1_139' title='bbox 523 2197 605 2277; x_wconf 91' lang='lat' dir='ltr'><strong>quod</strong></span> <span class='ocrx_word' id='word_1_140' title='bbox 632 2197 735 2257; x_wconf 91' lang='lat' dir='ltr'><strong>nullus</strong></span> <span class='ocrx_word' id='word_1_141' title='bbox 755 2197 908 2276; x_wconf 83' lang='lat' dir='ltr'><strong>ingressus</strong></span> <span class='ocrx_word' id='word_1_142' title='bbox 924 2205 936 2266; x_wconf 82' lang='grc' dir='ltr'><strong>ΙΙ</strong></span> <span class='ocrx_word' id='word_1_143' title='bbox 952 2197 983 2256; x_wconf 94' lang='lat' dir='ltr'><strong>in</strong></span> <span class='ocrx_word' id='word_1_144' title='bbox 1006 2206 1118 2258; x_wconf 89' lang='lat' dir='ltr'><strong>statum</strong></span> <span class='ocrx_word' id='word_1_145' title='bbox 1141 2196 1335 2257; x_wconf 88' lang='lat' dir='ltr'><strong>claustralem</strong></span> 
     </span>
     <span class='ocr_line' id='line_1_18' title="bbox 140 2298 1336 2380; baseline -0.001 -20"><span class='ocrx_word' id='word_1_146' title='bbox 140 2298 339 2377; x_wconf 75' lang='lat' dir='ltr'><strong>perfectarum</strong></span> <span class='ocrx_word' id='word_1_147' title='bbox 363 2299 490 2379; x_wconf 89' lang='lat' dir='ltr'><strong>preponi</strong></span> <span class='ocrx_word' id='word_1_148' title='bbox 512 2299 605 2360; x_wconf 89' lang='lat' dir='ltr'><strong>debet</strong></span> <span class='ocrx_word' id='word_1_149' title='bbox 624 2300 657 2359; x_wconf 89' lang='lat' dir='ltr'><strong>in</strong></span> <span class='ocrx_word' id='word_1_150' title='bbox 676 2300 867 2379; x_wconf 88' lang='lat' dir='ltr'><strong>perfeccione</strong></span> <span class='ocrx_word' id='word_1_151' title='bbox 886 2299 1044 2360; x_wconf 87' lang='lat' dir='ltr'><strong>essenciali</strong></span> <span class='ocrx_word' id='word_1_152' title='bbox 1058 2300 1228 2380; x_wconf 90' lang='lat' dir='ltr'><strong>cuicunque</strong></span> <span class='ocrx_word' id='word_1_153' title='bbox 1247 2298 1336 2359; x_wconf 86' lang='lat' dir='ltr'><strong>alteri</strong></span> 
     </span>
     <span class='ocr_line' id='line_1_19' title="bbox 140 2400 1336 2484; baseline -0.001 -23"><span class='ocrx_word' id='word_1_154' title='bbox 140 2400 350 2474; x_wconf 75' lang='lat' dir='ltr'><strong>ntieiaccioni,</strong></span> <span class='ocrx_word' id='word_1_155' title='bbox 382 2422 453 2462; x_wconf 88' lang='lat' dir='ltr'><strong>eum</strong></span> <span class='ocrx_word' id='word_1_156' title='bbox 475 2422 536 2462; x_wconf 91' lang='lat' dir='ltr'><strong>non</strong></span> <span class='ocrx_word' id='word_1_157' title='bbox 558 2401 650 2463; x_wconf 90' lang='lat' dir='ltr'><strong>debet</strong></span> <span class='ocrx_word' id='word_1_158' title='bbox 671 2403 713 2463; x_wconf 88' lang='lat' dir='ltr'><strong>sic</strong></span> <span class='ocrx_word' id='word_1_159' title='bbox 736 2403 864 2484; x_wconf 90' lang='lat' dir='ltr'><strong>preponi</strong></span> <span class='ocrx_word' id='word_1_160' title='bbox 886 2403 1089 2463; x_wconf 88' lang='lat' dir='ltr'><strong>satisfaccioni</strong></span> <span class='ocrx_word' id='word_1_161' title='bbox 1112 2402 1193 2463; x_wconf 88' lang='lat' dir='ltr'><strong>facte</strong></span> <span class='ocrx_word' id='word_1_162' title='bbox 1215 2422 1270 2482; x_wconf 93' lang='lat' dir='ltr'><strong>pro</strong></span> <span class='ocrx_word' id='word_1_163' title='bbox 1292 2401 1336 2460; x_wconf 93' lang='lat' dir='ltr'><strong>in·</strong></span> 
     </span>
     <span class='ocr_line' id='line_1_20' title="bbox 140 2498 888 2585; baseline 0.003 -22"><span class='ocrx_word' id='word_1_164' title='bbox 140 2498 272 2581; x_wconf 57' lang='lat' dir='ltr'><strong>passu„</strong></span> <span class='ocrx_word' id='word_1_165' title='bbox 294 2503 326 2563; x_wconf 91' lang='lat' dir='ltr'><strong>in</strong></span> <span class='ocrx_word' id='word_1_166' title='bbox 349 2512 463 2564; x_wconf 90' lang='lat' dir='ltr'><strong>statum</strong></span> <span class='ocrx_word' id='word_1_167' title='bbox 485 2504 652 2565; x_wconf 88' lang='lat' dir='ltr'><strong>secularem</strong></span> <span class='ocrx_word' id='word_1_168' title='bbox 675 2505 888 2585; x_wconf 83' lang='lat' dir='ltr'><strong>perfectorum.</strong></span> 
     </span>
     <span class='ocr_line' id='line_1_21' title="bbox 140 2604 1336 2688; baseline 0.003 -25"><span class='ocrx_word' id='word_1_169' title='bbox 140 2638 142 2663; x_wconf 72' lang='lat'>÷</span> <span class='ocrx_word' id='word_1_170' title='bbox 221 2604 328 2667; x_wconf 75' lang='lat' dir='ltr'><strong>&#39;larcio</strong></span> <span class='ocrx_word' id='word_1_171' title='bbox 360 2616 454 2686; x_wconf 90' lang='lat' dir='ltr'><strong>patet,</strong></span> <span class='ocrx_word' id='word_1_172' title='bbox 486 2607 567 2688; x_wconf 91' lang='lat' dir='ltr'><strong>quod</strong></span> <span class='ocrx_word' id='word_1_173' title='bbox 598 2616 695 2669; x_wconf 86' lang='lat' dir='ltr'><strong>status</strong></span> <span class='ocrx_word' id='word_1_174' title='bbox 721 2608 868 2670; x_wconf 87' lang='lat' dir='ltr'><strong>secularis</strong></span> <span class='ocrx_word' id='word_1_175' title='bbox 890 2608 1092 2687; x_wconf 86' lang='lat' dir='ltr'><strong>perfectorum</strong></span> <span class='ocrx_word' id='word_1_176' title='bbox 1115 2628 1191 2688; x_wconf 89' lang='lat' dir='ltr'><strong>eque</strong></span> <span class='ocrx_word' id='word_1_177' title='bbox 1213 2608 1263 2669; x_wconf 86' lang='lat' dir='ltr'><strong>vel</strong></span> <span class='ocrx_word' id='word_1_178' title='bbox 1285 2629 1336 2668; x_wconf 87' lang='lat' dir='ltr'><strong>ex·</strong></span> 
     </span>
     <span class='ocr_line' id='line_1_22' title="bbox 154 2705 1336 2790; baseline 0.003 -24"><span class='ocrx_word' id='word_1_179' title='bbox 154 2705 300 2769; x_wconf 63' lang='lat' dir='ltr'><strong>allencius</strong></span> <span class='ocrx_word' id='word_1_180' title='bbox 330 2709 426 2771; x_wconf 90' lang='lat' dir='ltr'><strong>habet</strong></span> <span class='ocrx_word' id='word_1_181' title='bbox 455 2709 536 2771; x_wconf 90' lang='lat' dir='ltr'><strong>hano</strong></span> <span class='ocrx_word' id='word_1_182' title='bbox 566 2711 801 2790; x_wconf 86' lang='lat' dir='ltr'><strong>prerogativam,</strong></span> <span class='ocrx_word' id='word_1_183' title='bbox 833 2721 868 2771; x_wconf 90' lang='lat' dir='ltr'><strong>ut</strong></span> <span class='ocrx_word' id='word_1_184' title='bbox 898 2711 1065 2771; x_wconf 89' lang='lat' dir='ltr'><strong>secundum</strong></span> <span class='ocrx_word' id='word_1_185' title='bbox 1088 2711 1240 2790; x_wconf 89' lang='lat' dir='ltr'><strong>baptisma</strong></span> <span class='ocrx_word' id='word_1_186' title='bbox 1261 2731 1336 2770; x_wconf 87' lang='lat' dir='ltr'><strong>uun·</strong></span> 
     </span>
     <span class='ocr_line' id='line_1_23' title="bbox 140 2812 1159 2894; baseline 0.001 -23"><span class='ocrx_word' id='word_1_187' title='bbox 140 2821 276 2888; x_wconf 68' lang='lat' dir='ltr'><strong>¹cupetur,</strong></span> <span class='ocrx_word' id='word_1_188' title='bbox 298 2813 376 2873; x_wconf 86' lang='lat' dir='ltr'><strong>sicut</strong></span> <span class='ocrx_word' id='word_1_189' title='bbox 396 2812 496 2893; x_wconf 89' lang='lat' dir='ltr'><strong>ipsam</strong></span> <span class='ocrx_word' id='word_1_190' title='bbox 517 2812 612 2874; x_wconf 90' lang='lat' dir='ltr'><strong>habet</strong></span> <span class='ocrx_word' id='word_1_191' title='bbox 634 2822 729 2875; x_wconf 87' lang='lat' dir='ltr'><strong>status</strong></span> <span class='ocrx_word' id='word_1_192' title='bbox 752 2813 924 2875; x_wconf 85' lang='lat' dir='ltr'><strong>claustralis</strong></span> <span class='ocrx_word' id='word_1_193' title='bbox 947 2814 1159 2894; x_wconf 85' lang='lat' dir='ltr'><strong>perfectorum.</strong></span> 
     </span>
    </p>
   </div>
   <div class='ocr_carea' id='block_1_5' title="bbox 168 2922 479 2939">
    <p class='ocr_par' dir='ltr' id='par_1_7' title="bbox 168 2922 479 2939">
     <span class='ocr_line' id='line_1_24' title="bbox 168 2922 479 2939; baseline 0.006 -2"><span class='ocrx_word' id='word_1_194' title='bbox 168 2922 358 2938; x_wconf 41' lang='grc' dir='ltr'><strong>’,ξ--ψ-</strong></span> <span class='ocrx_word' id='word_1_195' title='bbox 363 2932 479 2939; x_wconf 77' lang='lat'><strong>--—-.--</strong></span> 
     </span>
    </p>
   </div>
   <div class='ocr_carea' id='block_1_6' title="bbox 305 2983 1336 3818">
    <p class='ocr_par' dir='ltr' id='par_1_8' title="bbox 305 2983 1336 3818">
     <span class='ocr_line' id='line_1_25' title="bbox 351 2983 1335 3047; baseline 0.001 -17"><span class='ocrx_word' id='word_1_196' title='bbox 351 2984 427 3033; x_wconf 73' lang='lat' dir='ltr'><em>CAP.</em></span> <span class='ocrx_word' id='word_1_197' title='bbox 451 2983 532 3033; x_wconf 79' lang='lat' dir='ltr'><em>I&#39;III.</em></span> <span class='ocrx_word' id='word_1_198' title='bbox 567 2988 579 3012; x_wconf 81' lang='lat'><strong>⁰</strong></span> <span class='ocrx_word' id='word_1_199' title='bbox 597 2987 702 3047; x_wconf 69' lang='lat' dir='ltr'><strong>doymi.</strong></span> <span class='ocrx_word' id='word_1_200' title='bbox 724 2986 750 3032; x_wconf 78' lang='lat' dir='ltr'><strong>in</strong></span> <span class='ocrx_word' id='word_1_201' title='bbox 766 3000 838 3032; x_wconf 75' lang='lat' dir='ltr'><strong>serm.</strong></span> <span class='ocrx_word' id='word_1_202' title='bbox 857 2985 893 3032; x_wconf 92' lang='lat' dir='ltr'><strong>II</strong></span> <span class='ocrx_word' id='word_1_203' title='bbox 912 2985 943 3031; x_wconf 76' lang='lat' dir='ltr'><strong>«le</strong></span> <span class='ocrx_word' id='word_1_204' title='bbox 959 2986 1079 3032; x_wconf 76' lang='lat' dir='ltr'><strong>communi</strong></span> <span class='ocrx_word' id='word_1_205' title='bbox 1100 2983 1160 3032; x_wconf 70' lang='lat' dir='ltr'><strong>Vita</strong></span> <span class='ocrx_word' id='word_1_206' title='bbox 1179 2983 1335 3031; x_wconf 64' lang='lat' dir='ltr'><strong>merirum-m.</strong></span> 
     </span>
     <span class='ocr_line' id='line_1_26' title="bbox 309 3066 1336 3133; baseline -0.002 -16"><span class='ocrx_word' id='word_1_207' title='bbox 309 3069 400 3133; x_wconf 72' lang='lat' dir='ltr'><strong>(Opp,</strong></span> <span class='ocrx_word' id='word_1_208' title='bbox 411 3074 467 3118; x_wconf 78' lang='lat' dir='ltr'><strong>lom.</strong></span> <span class='ocrx_word' id='word_1_209' title='bbox 481 3069 511 3126; x_wconf 79' lang='lat' dir='ltr'><strong>V,</strong></span> <span class='ocrx_word' id='word_1_210' title='bbox 534 3070 612 3119; x_wconf 81' lang='lat' dir='ltr'><strong>Serra.</strong></span> <span class='ocrx_word' id='word_1_211' title='bbox 627 3070 709 3119; x_wconf 83' lang='lat' dir='ltr'><em>000L</em></span> <span class='ocrx_word' id='word_1_212' title='bbox 715 3069 757 3116; x_wconf 81' lang='lat' dir='ltr'><strong>VI</strong></span> <span class='ocrx_word' id='word_1_213' title='bbox 768 3086 796 3132; x_wconf 84' lang='lat' dir='ltr'><strong>p.</strong></span> <span class='ocrx_word' id='word_1_214' title='bbox 811 3071 895 3130; x_wconf 70' lang='lat'><em>1384)</em></span> <span class='ocrx_word' id='word_1_215' title='bbox 979 3066 989 3094; x_wconf 73' lang='lat'><strong>²*</strong></span> <span class='ocrx_word' id='word_1_216' title='bbox 1009 3071 1081 3133; x_wconf 82' lang='lat' dir='ltr'><strong>Corp.</strong></span> <span class='ocrx_word' id='word_1_217' title='bbox 1100 3071 1148 3117; x_wconf 73' lang='lat' dir='ltr'><strong>iar.</strong></span> <span class='ocrx_word' id='word_1_218' title='bbox 1166 3085 1220 3116; x_wconf 83' lang='lat' dir='ltr'><strong>ran.</strong></span> <span class='ocrx_word' id='word_1_219' title='bbox 1236 3069 1336 3116; x_wconf 76' lang='lat' dir='ltr'><strong>Decrel.</strong></span> 
     </span>
     <span class='ocr_line' id='line_1_27' title="bbox 305 3154 1336 3218; baseline -0.002 -16"><span class='ocrx_word' id='word_1_220' title='bbox 305 3172 331 3218; x_wconf 87' lang='lat' dir='ltr'><strong>p.</strong></span> <span class='ocrx_word' id='word_1_221' title='bbox 350 3155 387 3203; x_wconf 86' lang='lat' dir='ltr'><strong>II</strong></span> <span class='ocrx_word' id='word_1_222' title='bbox 403 3155 429 3202; x_wconf 80' lang='lat' dir='ltr'><strong>C.</strong></span> <span class='ocrx_word' id='word_1_223' title='bbox 448 3155 512 3203; x_wconf 83' lang='lat' dir='ltr'><strong>XII</strong></span> <span class='ocrx_word' id='word_1_224' title='bbox 527 3171 566 3218; x_wconf 82' lang='lat' dir='ltr'><strong>qu.</strong></span> <span class='ocrx_word' id='word_1_225' title='bbox 587 3161 598 3204; x_wconf 82' lang='lat'><em>1</em></span> <span class='ocrx_word' id='word_1_226' title='bbox 623 3171 678 3218; x_wconf 79' lang='lat' dir='ltr'><strong>cap.</strong></span> <span class='ocrx_word' id='word_1_227' title='bbox 696 3155 727 3203; x_wconf 83' lang='lat' dir='ltr'><em>X</em></span> <span class='ocrx_word' id='word_1_228' title='bbox 729 3154 805 3203; x_wconf 82' lang='lat' dir='ltr'><em>VIII</em></span> <span class='ocrx_word' id='word_1_229' title='bbox 816 3171 844 3217; x_wconf 82' lang='lat' dir='ltr'><strong>p.</strong></span> <span class='ocrx_word' id='word_1_230' title='bbox 863 3158 926 3204; x_wconf 76' lang='lat'><strong><em>683:</em></strong></span> <span class='ocrx_word' id='word_1_231' title='bbox 950 3155 1087 3203; x_wconf 65' lang='lat' dir='ltr'><strong>Glorientur</strong></span> <span class='ocrx_word' id='word_1_232' title='bbox 1109 3170 1156 3202; x_wconf 82' lang='lat' dir='ltr'><strong>non</strong></span> <span class='ocrx_word' id='word_1_233' title='bbox 1178 3154 1277 3202; x_wconf 77' lang='lat' dir='ltr'><strong>tollitur</strong></span> <span class='ocrx_word' id='word_1_234' title='bbox 1294 3156 1336 3208; x_wconf 74' lang='lat' dir='ltr'><strong>eir,</strong></span> 
     </span>
     <span class='ocr_line' id='line_1_28' title="bbox 310 3240 1334 3305; baseline -0.001 -18"><span class='ocrx_word' id='word_1_235' title='bbox 310 3241 351 3302; x_wconf 74' lang='lat' dir='ltr'><strong>qai</strong></span> <span class='ocrx_word' id='word_1_236' title='bbox 367 3240 453 3289; x_wconf 74' lang='lat' dir='ltr'><strong>rolant</strong></span> <span class='ocrx_word' id='word_1_237' title='bbox 468 3241 558 3289; x_wconf 78' lang='lat' dir='ltr'><strong>labere</strong></span> <span class='ocrx_word' id='word_1_238' title='bbox 574 3242 673 3305; x_wconf 79' lang='lat' dir='ltr'><strong>aliquid</strong></span> <span class='ocrx_word' id='word_1_239' title='bbox 687 3242 825 3304; x_wconf 80' lang='lat' dir='ltr'><strong>proprium.</strong></span> <span class='ocrx_word' id='word_1_240' title='bbox 845 3267 876 3274; x_wconf 95' lang='lat'><em>-</em></span> <span class='ocrx_word' id='word_1_241' title='bbox 897 3240 967 3288; x_wconf 62' lang='lat' dir='ltr'><strong>Certe</strong></span> <span class='ocrx_word' id='word_1_242' title='bbox 988 3257 1032 3303; x_wconf 72' lang='lat' dir='ltr'><strong>epo</strong></span> <span class='ocrx_word' id='word_1_243' title='bbox 1049 3257 1113 3295; x_wconf 81' lang='lat' dir='ltr'><strong>sum,</strong></span> <span class='ocrx_word' id='word_1_244' title='bbox 1132 3242 1175 3304; x_wconf 80' lang='lat' dir='ltr'><strong>qui</strong></span> <span class='ocrx_word' id='word_1_245' title='bbox 1190 3245 1334 3300; x_wconf 67' lang='lat' dir='ltr'><strong>statumini,</strong></span> 
     </span>
     <span class='ocr_line' id='line_1_29' title="bbox 310 3325 1336 3390; baseline 0 -18"><span class='ocrx_word' id='word_1_246' title='bbox 310 3325 402 3373; x_wconf 76' lang='lat' dir='ltr'><strong>nullum</strong></span> <span class='ocrx_word' id='word_1_247' title='bbox 420 3327 539 3374; x_wconf 75' lang='lat' dir='ltr'><strong>ordinare</strong></span> <span class='ocrx_word' id='word_1_248' title='bbox 555 3326 679 3383; x_wconf 78' lang='lat' dir='ltr'><strong>clericum,</strong></span> <span class='ocrx_word' id='word_1_249' title='bbox 700 3328 749 3375; x_wconf 71' lang='lat' dir='ltr'><strong>nisi</strong></span> <span class='ocrx_word' id='word_1_250' title='bbox 766 3327 808 3390; x_wconf 80' lang='lat' dir='ltr'><strong>qui</strong></span> <span class='ocrx_word' id='word_1_251' title='bbox 825 3341 916 3373; x_wconf 81' lang='lat' dir='ltr'><strong>mecum</strong></span> <span class='ocrx_word' id='word_1_252' title='bbox 933 3326 1007 3375; x_wconf 73' lang='lat' dir='ltr'><strong>vellet</strong></span> <span class='ocrx_word' id='word_1_253' title='bbox 1023 3343 1129 3382; x_wconf 75' lang='lat' dir='ltr'><strong>maere,</strong></span> <span class='ocrx_word' id='word_1_254' title='bbox 1146 3331 1173 3374; x_wconf 82' lang='lat' dir='ltr'><strong>ai</strong></span> <span class='ocrx_word' id='word_1_255' title='bbox 1189 3327 1212 3374; x_wconf 78' lang='lat' dir='ltr'><strong>ri</strong></span> <span class='ocrx_word' id='word_1_256' title='bbox 1228 3325 1303 3374; x_wconf 78' lang='lat' dir='ltr'><strong>vellet</strong></span> <span class='ocrx_word' id='word_1_257' title='bbox 1319 3343 1336 3372; x_wconf 88' lang='lat' dir='ltr'><strong>a</strong></span> 
     </span>
     <span class='ocr_line' id='line_1_30' title="bbox 308 3411 1335 3475; baseline -0.001 -15"><span class='ocrx_word' id='word_1_258' title='bbox 308 3413 436 3475; x_wconf 75' lang='lat' dir='ltr'><strong>proposito</strong></span> <span class='ocrx_word' id='word_1_259' title='bbox 454 3412 585 3474; x_wconf 56' lang='lat' dir='ltr'><strong>discedere,</strong></span> <span class='ocrx_word' id='word_1_260' title='bbox 604 3418 670 3461; x_wconf 77' lang='lat' dir='ltr'><strong>recte</strong></span> <span class='ocrx_word' id='word_1_261' title='bbox 686 3413 728 3461; x_wconf 74' lang='lat' dir='ltr'><strong>illi</strong></span> <span class='ocrx_word' id='word_1_262' title='bbox 745 3411 857 3462; x_wconf 76' lang='lat' dir='ltr'><strong>tollerem</strong></span> <span class='ocrx_word' id='word_1_263' title='bbox 879 3411 1030 3460; x_wconf 72' lang='lat' dir='ltr'><strong>clericatum.</strong></span> <span class='ocrx_word' id='word_1_264' title='bbox 1065 3413 1131 3459; x_wconf 81' lang='lat' dir='ltr'><strong>Ecce</strong></span> <span class='ocrx_word' id='word_1_265' title='bbox 1158 3413 1183 3459; x_wconf 74' lang='lat' dir='ltr'><strong>in</strong></span> <span class='ocrx_word' id='word_1_266' title='bbox 1206 3415 1335 3474; x_wconf 62' lang='lat' dir='ltr'><strong>conspeetu</strong></span> 
     </span>
     <span class='ocr_line' id='line_1_31' title="bbox 312 3497 1334 3561; baseline -0.001 -16"><span class='ocrx_word' id='word_1_267' title='bbox 312 3497 359 3545; x_wconf 83' lang='lat' dir='ltr'><strong>Dei</strong></span> <span class='ocrx_word' id='word_1_268' title='bbox 375 3502 400 3545; x_wconf 78' lang='lat' dir='ltr'><strong>et</strong></span> <span class='ocrx_word' id='word_1_269' title='bbox 416 3501 496 3546; x_wconf 69' lang='lat' dir='ltr'><strong>ceam</strong></span> <span class='ocrx_word' id='word_1_270' title='bbox 513 3502 579 3546; x_wconf 71' lang='lat' dir='ltr'><strong>muto</strong></span> <span class='ocrx_word' id='word_1_271' title='bbox 601 3499 736 3547; x_wconf 63' lang='lat' dir='ltr'><strong>coralium.</strong></span> <span class='ocrx_word' id='word_1_272' title='bbox 776 3500 825 3561; x_wconf 78' lang='lat' dir='ltr'><strong>Qui</strong></span> <span class='ocrx_word' id='word_1_273' title='bbox 851 3497 936 3546; x_wconf 76' lang='lat' dir='ltr'><strong>colant</strong></span> <span class='ocrx_word' id='word_1_274' title='bbox 961 3497 1058 3560; x_wconf 76' lang='lat' dir='ltr'><strong>aliquid</strong></span> <span class='ocrx_word' id='word_1_275' title='bbox 1083 3499 1172 3545; x_wconf 77' lang='lat' dir='ltr'><strong>labere</strong></span> <span class='ocrx_word' id='word_1_276' title='bbox 1193 3499 1334 3561; x_wconf 79' lang='lat' dir='ltr'><strong>proprium,</strong></span> 
     </span>
     <span class='ocr_line' id='line_1_32' title="bbox 312 3582 1335 3650; baseline -0.003 -19"><span class='ocrx_word' id='word_1_277' title='bbox 312 3584 394 3645; x_wconf 74' lang='lat' dir='ltr'><strong>quitus</strong></span> <span class='ocrx_word' id='word_1_278' title='bbox 411 3599 459 3631; x_wconf 79' lang='lat' dir='ltr'><strong>nou</strong></span> <span class='ocrx_word' id='word_1_279' title='bbox 476 3584 574 3650; x_wconf 72' lang='lat' dir='ltr'><strong>sufficit</strong></span> <span class='ocrx_word' id='word_1_280' title='bbox 590 3583 659 3633; x_wconf 70' lang='lat' dir='ltr'><strong>Deua</strong></span> <span class='ocrx_word' id='word_1_281' title='bbox 685 3590 708 3633; x_wconf 75' lang='lat' dir='ltr'><strong>et</strong></span> <span class='ocrx_word' id='word_1_282' title='bbox 733 3585 837 3632; x_wconf 71' lang='lat' dir='ltr'><strong>ecclesio</strong></span> <span class='ocrx_word' id='word_1_283' title='bbox 856 3585 920 3638; x_wconf 75' lang='lat' dir='ltr'><strong>eino,</strong></span> <span class='ocrx_word' id='word_1_284' title='bbox 946 3588 1067 3639; x_wconf 73' lang='lat' dir='ltr'><strong>maneant,</strong></span> <span class='ocrx_word' id='word_1_285' title='bbox 1089 3584 1131 3631; x_wconf 71' lang='lat' dir='ltr'><strong>ubi</strong></span> <span class='ocrx_word' id='word_1_286' title='bbox 1152 3583 1236 3631; x_wconf 79' lang='lat' dir='ltr'><strong>colant</strong></span> <span class='ocrx_word' id='word_1_287' title='bbox 1253 3588 1277 3630; x_wconf 83' lang='lat' dir='ltr'><strong>et</strong></span> <span class='ocrx_word' id='word_1_288' title='bbox 1293 3582 1335 3629; x_wconf 76' lang='lat' dir='ltr'><strong>obi</strong></span> 
     </span>
     <span class='ocr_line' id='line_1_33' title="bbox 311 3669 1335 3733; baseline -0.004 -15"><span class='ocrx_word' id='word_1_289' title='bbox 311 3674 416 3730; x_wconf 70' lang='lat' dir='ltr'><strong>porram,</strong></span> <span class='ocrx_word' id='word_1_290' title='bbox 433 3686 482 3717; x_wconf 74' lang='lat' dir='ltr'><strong>nou</strong></span> <span class='ocrx_word' id='word_1_291' title='bbox 498 3670 534 3718; x_wconf 76' lang='lat' dir='ltr'><strong>eis</strong></span> <span class='ocrx_word' id='word_1_292' title='bbox 550 3671 640 3733; x_wconf 75' lang='lat' dir='ltr'><strong>aufero</strong></span> <span class='ocrx_word' id='word_1_293' title='bbox 658 3669 809 3723; x_wconf 66' lang='lat' dir='ltr'><strong>clericatum,</strong></span> <span class='ocrx_word' id='word_1_294' title='bbox 828 3669 885 3717; x_wconf 84' lang='lat' dir='ltr'><strong>nolo</strong></span> <span class='ocrx_word' id='word_1_295' title='bbox 902 3669 991 3716; x_wconf 70' lang='lat' dir='ltr'><strong>habere</strong></span> <span class='ocrx_word' id='word_1_296' title='bbox 1005 3670 1141 3732; x_wconf 72' lang='lat' dir='ltr'><strong>ypocritae.</strong></span> <span class='ocrx_word' id='word_1_297' title='bbox 1170 3669 1268 3716; x_wconf 80' lang='lat' dir='ltr'><strong>Malum</strong></span> <span class='ocrx_word' id='word_1_298' title='bbox 1285 3684 1335 3715; x_wconf 75' lang='lat' dir='ltr'><strong>esse</strong></span> 
     </span>
     <span class='ocr_line' id='line_1_34' title="bbox 313 3753 1335 3818; baseline -0.003 -16"><span class='ocrx_word' id='word_1_299' title='bbox 313 3757 363 3816; x_wconf 70' lang='lat' dir='ltr'><strong>quir</strong></span> <span class='ocrx_word' id='word_1_300' title='bbox 384 3756 492 3804; x_wconf 75' lang='lat' dir='ltr'><strong>nesciat?</strong></span> <span class='ocrx_word' id='word_1_301' title='bbox 522 3755 620 3803; x_wconf 71' lang='lat' dir='ltr'><strong>Malum</strong></span> <span class='ocrx_word' id='word_1_302' title='bbox 642 3759 677 3804; x_wconf 76' lang='lat' dir='ltr'><strong>est</strong></span> <span class='ocrx_word' id='word_1_303' title='bbox 699 3757 788 3804; x_wconf 76' lang='lat' dir='ltr'><strong>eadere</strong></span> <span class='ocrx_word' id='word_1_304' title='bbox 810 3773 826 3802; x_wconf 79' lang='lat' dir='ltr'><strong>a</strong></span> <span class='ocrx_word' id='word_1_305' title='bbox 840 3756 983 3818; x_wconf 73' lang='lat' dir='ltr'><strong>proposito,</strong></span> <span class='ocrx_word' id='word_1_306' title='bbox 1009 3755 1052 3801; x_wconf 79' lang='lat' dir='ltr'><strong>red</strong></span> <span class='ocrx_word' id='word_1_307' title='bbox 1065 3756 1138 3817; x_wconf 72' lang='lat' dir='ltr'><strong>peius</strong></span> <span class='ocrx_word' id='word_1_308' title='bbox 1161 3759 1198 3802; x_wconf 78' lang='lat' dir='ltr'><strong>eat</strong></span> <span class='ocrx_word' id='word_1_309' title='bbox 1217 3753 1335 3801; x_wconf 73' lang='lat' dir='ltr'><strong>simulare</strong></span> 
     </span>
    </p>
   </div>
   <div class='ocr_carea' id='block_1_7' title="bbox 190 3843 479 3953">
    <p class='ocr_par' dir='ltr' id='par_1_9' title="bbox 190 3843 479 3953">
     <span class='ocr_line' id='line_1_35' title="bbox 311 3843 467 3904; baseline 0.006 -15"><span class='ocrx_word' id='word_1_310' title='bbox 311 3843 467 3904; x_wconf 71' lang='lat' dir='ltr'><strong>propositam.</strong></span> 
     </span>
     <span class='ocr_line' id='line_1_36' title="bbox 190 3920 479 3953; baseline 0 -1"><span class='ocrx_word' id='word_1_311' title='bbox 190 3920 479 3953; x_wconf 38' lang='lat' dir='ltr'><strong>X„—</strong></span> 
     </span>
    </p>
   </div>
   <div class='ocr_carea' id='block_1_8' title="bbox 189 3979 1338 4236">
    <p class='ocr_par' dir='ltr' id='par_1_10' title="bbox 189 3979 1338 4236">
     <span class='ocr_line' id='line_1_37' title="bbox 191 3979 1335 4083; baseline -0.006 -38"><span class='ocrx_word' id='word_1_312' title='bbox 191 4053 208 4083; x_wconf 60' lang='grc' dir='ltr'><em>η</em></span> <span class='ocrx_word' id='word_1_313' title='bbox 240 3979 425 4074; x_wconf 59' lang='lat' dir='ltr'><strong>f‘iuperfeceius</strong></span> <span class='ocrx_word' id='word_1_314' title='bbox 435 3997 500 4045; x_wconf 79' lang='lat' dir='ltr'><strong>ACrr</strong></span> <span class='ocrx_word' id='word_1_315' title='bbox 553 3995 724 4060; x_wconf 81' lang='lat' dir='ltr'><strong>inperfeccius</strong></span> <span class='ocrx_word' id='word_1_316' title='bbox 737 3993 762 4064; x_wconf 65' lang='grc' dir='ltr'><strong>β,</strong></span> <span class='ocrx_word' id='word_1_317' title='bbox 789 3996 832 4044; x_wconf 76' lang='lat' dir='ltr'><strong>our</strong></span> <span class='ocrx_word' id='word_1_318' title='bbox 852 3995 879 4042; x_wconf 89' lang='lat' dir='ltr'><strong>in</strong></span> <span class='ocrx_word' id='word_1_319' title='bbox 897 4012 932 4042; x_wconf 78' lang='lat' dir='ltr'><strong>cr.</strong></span> <span class='ocrx_word' id='word_1_320' title='bbox 951 3999 1005 4050; x_wconf 77' lang='lat' dir='ltr'><strong>out,</strong></span> <span class='ocrx_word' id='word_1_321' title='bbox 1027 3994 1101 4041; x_wconf 80' lang='lat' dir='ltr'><strong>alone</strong></span> <span class='ocrx_word' id='word_1_322' title='bbox 1123 3995 1144 4040; x_wconf 77' lang='lat' dir='ltr'><strong>t&#39;t</strong></span> <span class='ocrx_word' id='word_1_323' title='bbox 1160 3994 1235 4055; x_wconf 69' lang='lat' dir='ltr'><strong>affairs</strong></span> <span class='ocrx_word' id='word_1_324' title='bbox 1252 3991 1287 4039; x_wconf 88' lang='lat' dir='ltr'><strong>im</strong></span> <span class='ocrx_word' id='word_1_325' title='bbox 1305 3987 1335 4059; x_wconf 57' lang='grc' dir='ltr'><strong>βὅ</strong></span> 
     </span>
     <span class='ocr_line' id='line_1_38' title="bbox 220 4073 1334 4147; baseline -0.005 -16"><span class='ocrx_word' id='word_1_326' title='bbox 220 4074 320 4144; x_wconf 60' lang='lat' dir='ltr'><strong>mccli</strong></span> <span class='ocrx_word' id='word_1_327' title='bbox 356 4081 416 4130; x_wconf 83' lang='lat' dir='ltr'><strong>secl.</strong></span> <span class='ocrx_word' id='word_1_328' title='bbox 429 4081 621 4143; x_wconf 73' lang='lat' dir='ltr'><strong>(ud.)crist.,4</strong></span> <span class='ocrx_word' id='word_1_329' title='bbox 702 4079 722 4107; x_wconf 83' lang='lat'><strong>¹⁸</strong></span> <span class='ocrx_word' id='word_1_330' title='bbox 739 4080 901 4130; x_wconf 83' lang='lat' dir='ltr'><strong>imitantibus</strong></span> <span class='ocrx_word' id='word_1_331' title='bbox 912 4082 947 4129; x_wconf 79' lang='lat' dir='ltr'><strong>Ca</strong></span> <span class='ocrx_word' id='word_1_332' title='bbox 986 4084 1127 4144; x_wconf 83' lang='lat' dir='ltr'><strong>sequentes</strong></span> <span class='ocrx_word' id='word_1_333' title='bbox 1138 4075 1181 4147; x_wconf 77' lang='grc' dir='ltr'><strong>Αβ</strong></span> <span class='ocrx_word' id='word_1_334' title='bbox 1250 4073 1271 4103; x_wconf 78' lang='lat'><strong>¹⁹</strong></span> <span class='ocrx_word' id='word_1_335' title='bbox 1288 4077 1334 4125; x_wconf 89' lang='lat' dir='ltr'><strong>im·</strong></span> 
     </span>
     <span class='ocr_line' id='line_1_39' title="bbox 189 4148 1338 4236; baseline -0.008 -18"><span class='ocrx_word' id='word_1_336' title='bbox 189 4148 292 4223; x_wconf 45' lang='lat' dir='ltr'><strong>“¹⁶⁴4OE</strong></span> <span class='ocrx_word' id='word_1_337' title='bbox 328 4167 500 4229; x_wconf 73' lang='lat' dir='ltr'><strong>perfeccione</strong></span> <span class='ocrx_word' id='word_1_338' title='bbox 579 4162 602 4192; x_wconf 79' lang='lat'><strong>²⁰</strong></span> <span class='ocrx_word' id='word_1_339' title='bbox 620 4163 862 4236; x_wconf 65' lang='lat' dir='ltr'><strong>observabantCosl</strong></span> <span class='ocrx_word' id='word_1_340' title='bbox 905 4166 1126 4220; x_wconf 76' lang='lat' dir='ltr'><strong>abservabantA,</strong></span> <span class='ocrx_word' id='word_1_341' title='bbox 1150 4181 1187 4227; x_wconf 81' lang='lat' dir='ltr'><strong>cp.</strong></span> <span class='ocrx_word' id='word_1_342' title='bbox 1205 4179 1260 4226; x_wconf 83' lang='lat' dir='ltr'><strong>cap.</strong></span> <span class='ocrx_word' id='word_1_343' title='bbox 1278 4162 1338 4210; x_wconf 82' lang='lat' dir='ltr'><strong>VII</strong></span> 
     </span>
    </p>
   </div>
   <div class='ocr_carea' id='block_1_9' title="bbox 189 4241 1120 4384">
    <p class='ocr_par' dir='ltr' id='par_1_11' title="bbox 189 4241 1120 4384">
     <span class='ocr_line' id='line_1_40' title="bbox 189 4241 1044 4320; baseline 0.036 -44"><span class='ocrx_word' id='word_1_344' title='bbox 189 4245 222 4277; x_wconf 70' lang='lat' dir='ltr'>u</span> <span class='ocrx_word' id='word_1_345' title='bbox 235 4241 268 4298; x_wconf 75' lang='grc'><strong>49,</strong></span> <span class='ocrx_word' id='word_1_346' title='bbox 280 4247 304 4293; x_wconf 75' lang='lat' dir='ltr'><strong>ol</strong></span> <span class='ocrx_word' id='word_1_347' title='bbox 318 4254 359 4300; x_wconf 69' lang='lat' dir='ltr'><strong>aad</strong></span> <span class='ocrx_word' id='word_1_348' title='bbox 375 4258 407 4304; x_wconf 77' lang='lat'><strong>58</strong></span> <span class='ocrx_word' id='word_1_349' title='bbox 476 4249 497 4279; x_wconf 84' lang='lat'><strong>²¹</strong></span> <span class='ocrx_word' id='word_1_350' title='bbox 515 4268 562 4318; x_wconf 89' lang='lat' dir='ltr'><strong>pro</strong></span> <span class='ocrx_word' id='word_1_351' title='bbox 581 4252 697 4319; x_wconf 81' lang='lat' dir='ltr'><strong>ingressu</strong></span> <span class='ocrx_word' id='word_1_352' title='bbox 707 4255 772 4304; x_wconf 75' lang='grc' dir='ltr'><strong>Αθα</strong></span> <span class='ocrx_word' id='word_1_353' title='bbox 808 4267 854 4316; x_wconf 83' lang='lat' dir='ltr'><strong>per</strong></span> <span class='ocrx_word' id='word_1_354' title='bbox 871 4249 1044 4320; x_wconf 54' lang='lat' dir='ltr'><strong>ingressurus</strong></span> 
     </span>
     <span class='ocr_line' id='line_1_41' title="bbox 1067 4333 1120 4384; baseline 0.019 0"><span class='ocrx_word' id='word_1_355' title='bbox 1067 4337 1100 4384; x_wconf 84' lang='lat'><strong>33</strong></span> <span class='ocrx_word' id='word_1_356' title='bbox 1108 4333 1120 4361; x_wconf 72' lang='lat'><strong>¹⁸</strong></span> 
     </span>
    </p>
   </div>
   <div class='ocr_carea' id='block_1_10' title="bbox 1349 2204 1508 2257">
    <p class='ocr_par' dir='ltr' id='par_1_12' title="bbox 1349 2204 1508 2257">
     <span class='ocr_line' id='line_1_42' title="bbox 1349 2204 1508 2257; baseline -0.019 -12"><span class='ocrx_word' id='word_1_357' title='bbox 1349 2206 1358 2257; x_wconf 48' lang='grc' dir='ltr'><strong>ᾗ,</strong></span> <span class='ocrx_word' id='word_1_358' title='bbox 1368 2204 1385 2245; x_wconf 80' lang='lat'><strong><em>0</em></strong></span> <span class='ocrx_word' id='word_1_359' title='bbox 1393 2205 1435 2255; x_wconf 68' lang='lat' dir='ltr'><strong>fol</strong></span> <span class='ocrx_word' id='word_1_360' title='bbox 1450 2207 1508 2246; x_wconf 75' lang='grc' dir='ltr'><strong>19οῠ</strong></span> 
     </span>
    </p>
   </div>
   <div class='ocr_carea' id='block_1_11' title="bbox 0 0 1546 5024">
    <p class='ocr_par' dir='ltr' id='par_1_13' title="bbox 0 0 1546 5024">
     <span class='ocr_line' id='line_1_43' title="bbox 0 0 1546 5024; baseline 0 0"><span class='ocrx_word' id='word_1_361' title='bbox 0 0 1546 5024; x_wconf 95' lang='lat' dir='ltr'><strong> </strong></span> 
     </span>
    </p>
   </div>
  </div>
 </body>
</html>
