3082 5024
607 463 785 511 annuant
805 462 934 512 INDEX.

185 631 232 680 Par
248 632 289 682 dei
300 632 333 682 ad
345 633 438 683 fratres
451 649 586 700 nunquam
604 641 749 684 revertetur

213 703 266 750 370.

180 796 208 804 -
225 778 250 819 et
262 770 355 820 caritas
366 777 428 820 sunt
439 770 489 820 deo
501 770 559 850 plus
567 772 662 836 placite
672 787 778 837 quam

208 838 394 888 dominacionis
412 840 552 905 acquisicio
569 840 639 891 fame
658 830 835 898 28111-

174 908 338 973 -1οφ0111
365 907 495 958 abieccior
520 915 560 958 est
580 925 658 975 quam
681 910 779 975 spiri-

206 977 284 1025 tualis
306 977 365 1026 215

171 1047 243 1094 -cis
262 1045 372 1095 ecclesie
395 1046 560 1111 perturbator
576 1062 645 1113 papa
663 1047 721 1096 513.

168 1130 262 1164 —cem
284 1114 447 1179 spiritualem
470 1116 580 1180 apostoli
605 1116 752 1165 habuerunt

168 1280 200 1287 -
222 1252 322 1301 Cristus
340 1267 444 1317 semper
456 1253 676 1303 recommendavit
694 1255 752 1303 688,
777 1290 779 1301 .

166 1347 200 1359 ·-
220 1321 336 1385 inquirat
356 1337 479 1387 regnum,
502 1322 563 1372 licet
584 1323 678 1372 exinde
696 1337 753 1387 per-

202 1389 271 1439 didit
288 1390 442 1454 temporalia
461 1391 519 1441 280.

165 1457 202 1508 ad
222 1485 256 1493 -
275 1458 368 1508 fratres
386 1459 471 1508 nullos
489 1460 616 1509 inducunt
633 1460 691 1509 255.

166 1527 285 1577 Peccare
304 1543 357 1576 non
374 1528 471 1591 poterit
487 1543 557 1594 papa
576 1529 636 1591 1783
655 1530 712 1578 691.

168 1622 200 1632 -
222 1595 321 1645 Gristus
339 1611 392 1644 non
409 1602 513 1661 poterat
530 1599 588 1648 609.

167 1670 250 1713 -cat
260 1664 368 1730 argucia
379 1664 407 1713 in
419 1666 529 1716 materie
541 1667 605 1716 etin
617 1666 699 1716 torma
712 1669 752 1716 95.

168 1740 268 1782 -cant
285 1748 353 1799 pape
365 1735 481 1799 grauiter
493 1735 520 1783 in
531 1749 579 1785 sua
591 1734 753 1800 presidencia

169 1897 200 1906 -
223 1870 327 1920 ordines
344 1871 398 1938 legi
410 1871 453 1921 dei
465 1873 644 1922 conclusiones
656 1871 753 1921 adden-

170 2033 202 2044 -
223 2008 379 2074 regulariter
396 2010 538 2075 ypocrite
531 2026 558 2058 111
575 2010 652 2059 sectis
672 2011 729 2059 145.

170 2101 203 2112 -
224 2077 339 2141 graviter
356 2077 454 2127 domini
478 2079 652 2144 approbantes
668 2085 781 2128 sectae

173 2240 203 2250 -
225 2183 329 2278 presciti
347 2221 453 2280 propter
470 2214 596 2265 desidiam
614 2215 754 2280 spiritualis

209 2282 332 2332 adiutorii
351 2285 410 2334 390.

172 2352 279 2400 -casit
295 2352 390 2402 Petrus
409 2354 466 2403 668.

172 2446 205 2455 -
226 2419 378 2470 1101110212.
472 2455 478 2463 -

172 2514 207 2524 -
225 2488 318 2539 Petrus
336 2496 427 2539 contra
445 2489 599 2556 decalogum
620 2491 675 2539 145.

171 2572 271 2606 -caus
288 2558 382 2624 recipit
393 2558 420 2607 in
434 2557 558 2625 paschate
572 2558 754 2608 eucharistiam

172 2721 206 2730 -
225 2694 365 2744 confitetur
382 2710 426 2744 ore
438 2695 519 2744 semel
531 2695 558 2745 in
571 2711 639 2745 anno
652 2696 754 2761 proprio

207 2763 337 2814 sacerdoti
355 2764 413 2814 508.

172 2838 312 2881 -cantem
329 2846 400 2897 papa
417 2848 470 2881 non
486 2833 618 2898 cognoscit
636 2834 693 2882 621.

171 2908 282 2950 -catur
299 2916 316 2950 a
332 2900 455 2951 fratribus
472 2907 562 2951 contra
574 2902 716 2951 trinitatem
729 2907 755 2950 et

208 2968 355 3034 quamlibet
372 2976 518 3019 creaturam
537 2970 595 3020 368.

172 3037 286 3087 -candi
303 3043 396 3088 auctor
413 3037 478 3087 deus
495 3055 547 3088 non
566 3043 606 3088 est
623 3039 681 3089 265.

171 3106 300 3156 Peccator
308 3107 392 3156 multa
400 3112 485 3172 potest
493 3107 580 3157 facere
589 3122 668 3172 supra
676 3107 754 3157 deum

172 3270 205 3279 -
224 3243 404 3309 principaliter
415 3244 593 3309 semetipsum
605 3244 687 3295 inficit
695 3246 753 3296 241.

171 3338 205 3350 --
223 3328 277 3361 nou
301 3312 380 3362 debet
401 3319 595 3378 comtempnere
617 3322 707 3378 petere
724 3315 754 3365 li-

206 3381 325 3430 cenciam
343 3381 385 3430 sui
401 3381 495 3446 prelati
514 3383 572 3432 508,

173 3475 202 3486 -
227 3465 281 3498 nou
304 3449 383 3500 debet
404 3455 588 3515 contempnere
610 3457 699 3515 petere
725 3450 754 3499 li-

205 3519 325 3567 cenciam
343 3518 440 3584 proprii
457 3519 597 3568 sacerdotis
616 3522 673 3569 508.

171 3613 204 3623 -
224 3586 272 3635 wlt
289 3588 391 3637 variare
409 3588 436 3636 in
448 3587 539 3636 ritibus
550 3588 677 3654 religiosis
695 3590 753 3639 508.

171 3682 204 3694 -
225 3655 249 3704 si
269 3671 322 3705 non
344 3656 478 3706 confessus
495 3655 570 3718 latet,
592 3656 754 3706 inconfessus

207 3723 395 3789 dampnabitur
412 3726 470 3774 509.

171 3819 203 3829 —
224 3792 253 3840 in
275 3793 394 3857 spiritum
415 3800 534 3842 sanctum
555 3800 681 3858 perpetue
708 3809 753 3859 pu-

205 3862 296 3910 nietur
313 3862 371 3912 329.

173 3935 279 3979 —tores
296 3930 384 3979 multis
402 3930 485 3980 modis
502 3937 562 3980 suut
577 3931 647 3980 fures
664 3937 754 3980 contra

207 3997 365 4048 (1111111121.

173 4093 206 4105 ·-
227 4066 355 4131 quomodo
373 4068 515 4132 puniantur
533 4068 590 4118 329.

172 4135 316 4185 Peccatum
334 4136 501 4186 continuatur
518 4151 534 4185 a
551 4136 627 4186 sectis
646 4138 686 4186 12.

175 4230 209 4241 -
228 4219 280 4252 uon
298 4204 489 4268 habet.ydeam
506 4205 534 4254 in
550 4205 599 4255 deo
617 4206 675 4256 265.

1320 467 1380 525 199

803 635 942 684 Peccatum
955 641 995 684 est
1012 633 1096 683 dimitt
1086 641 1141 683 1111
1155 640 1237 683 status
1249 634 1276 683 iu
1295 649 1380 684 ewan-

837 703 906 769 gelio
925 703 1056 752 ordinatos
1074 704 1131 752 268.

805 799 832 808 -
854 772 1055 821 fratrifactorum
1075 773 1132 821 526.

855 840 1048 890 abhominabile
1065 848 1104 890 est
1122 840 1164 889 dei
1182 840 1263 890 lilium
1276 840 1382 890 inhono-

838 925 895 959 rare
916 912 973 960 111

806 978 1027 1027 -indifferentis
1046 970 1109 1028 61.

805 1075 836 1082 -
857 1047 975 1096 ordinum
994 1047 1129 1097 invalescit
1148 1048 1206 1097 213

805 1142 837 1151 -
847 1115 1026 1164 absconditum
1036 1125 1075 1165 est
1084 1132 1252 1181 personarum
1262 1116 1383 1182 accepcio

805 1279 837 1289 -
856 1268 936 1318 grave
956 1253 1026 1302 Petri
1044 1261 1070 1300 et
1087 1260 1236 1302 sanctorum
1256 1255 1312 1302 116.

777 1330 780 1363 ῒ
804 1349 836 1358 -
857 1321 992 1386 multiplex
1010 1321 1123 1385 comonis
1141 1321 1251 1370 ecclesie
1272 1324 1327 1371 145.

805 1418 836 1426 -
856 1396 945 1439 eontra
964 1390 1055 1439 fratres
1074 1392 1114 1439 95.

807 1486 838 1494 -
857 1458 984 1523 originale
1004 1460 1044 1507 91.

777 1586 779 1593 ¹
805 1556 836 1563 -
848 1527 1001 1577 detestabile
1011 1528 1114 1576 mentiri
1122 1542 1315 1592 superpersona
1326 1528 1382 1577 128.

777 1596 779 1653 j
809 1624 833 1632 -
857 1605 896 1646 est
908 1596 1011 1645 mentiri
1020 1597 1193 1660 superlesum
1204 1595 1314 1645 Cristum
1326 1596 1382 1645 128.

777 1662 784 1710 ῗ.
805 1692 836 1700 -
856 1665 1011 1730 nepharium
1029 1671 1108 1730 atque
1126 1663 1305 1730 blasphemum
1326 1665 1383 1714 128,

805 1761 838 1770 -
856 1732 962 1797 dyaboli
979 1733 1130 1783 insensibile
1148 1735 1188 1783 93.

806 1831 837 1839 -
857 1809 950 1869 gravat
967 1803 994 1851 in
1011 1803 1100 1867 primis
1112 1802 1262 1852 dotantibus
1274 1809 1300 1852 et
1312 1801 1385 1852 here·

840 1872 915 1921 dibus
933 1871 992 1920 246.

806 1968 837 1976 -
857 1947 897 1990 est
914 1939 1023 2005 perdere
1040 1939 1145 1989 libertat
1135 1946 1187 1989 11111
1209 1941 1265 1990 185.

805 2037 836 2045 -
857 2008 1050 2075 ingratitudinis
1069 2010 1126 2058 365.

806 2106 837 2114 —
857 2077 975 2127 Silvestri
993 2078 1050 2126 669.

806 2174 838 2183 -
857 2162 885 2196 se
903 2147 988 2211 ipsum
1006 2144 1115 2195 destruit
1133 2148 1191 2195 591.

808 2243 836 2252 -
857 2231 940 2281 usque
956 2213 989 2262 ad
1002 2214 1080 2263 finem
1092 2214 1203 2262 hominis
1214 2228 1384 2278 perseverans

840 2291 880 2333 est
897 2283 1071 2333 irremissibile
1090 2283 1147 2332 621.

807 2352 962 2417 -presciti
983 2351 1112 2401 infinitum
1135 2351 1209 2416 peius
1231 2367 1309 2416 quam
1327 2367 1384 2416 pre-

841 2421 963 2470 destinati
981 2421 1038 2470 363.

807 2516 838 2525 -
867 2489 1028 2555 opprimendi
1055 2488 1165 2554 wlgares
1191 2487 1253 2537 dicit
1279 2487 1384 2537 finalem

841 2558 1047 2608 destnrccionem
1062 2557 1137 2622 regui
1155 2557 1213 2606 423.

807 2653 839 2663 -
858 2627 1032 2676 commissum
1039 2634 1129 2676 contra
1147 2625 1316 2675 clemenciam
1328 2641 1385 2690 per-

841 2711 903 2744 sone
913 2695 992 2744 tercie
1002 2694 1109 2760 impedit
1118 2694 1252 2744 caritatem
1258 2694 1385 2760 inAnglia

841 2765 987 2830 germinare
1008 2764 1066 2813 425.

807 2860 838 2869 -
858 2848 967 2898 persone
985 2839 1025 2882 est
1041 2837 1177 2897 peccatum
1189 2831 1273 2880 tocius
1290 2830 1386 2881 ordinis

806 2971 994 3035 —spirituum
1016 2970 1042 3018 in
1064 2969 1165 3018 inferno
1187 2968 1350 3018 detentorum
1370 2983 1385 3017 a

842 3039 891 3088 deo
909 3039 1024 3104 graviter
1041 3038 1147 3104 punitur
1165 3038 1222 3087 246.

807 3136 839 3143 -
858 3107 991 3157 ordinibus
1008 3107 1115 3172 priuatis
1133 3106 1264 3172 proprium
1283 3107 1341 3159 419.

807 3205 839 3212 -
859 3193 938 3243 grave
957 3185 997 3226 est
1013 3177 1130 3225 iniuriari
1148 3175 1197 3225 deo
1215 3176 1272 3225 411.

808 3274 840 3282 -
860 3261 936 3295 0111111
954 3244 1119 3295 mendacium
1138 3244 1252 3294 111348.

807 3315 878 3362 -ati
895 3314 1003 3363 fratrum
1025 3314 1053 3362 in
1074 3329 1183 3380 regnum
1202 3312 1296 3378 Anglie
1313 3312 1385 3361 satis·

841 3383 922 3431 saccio
942 3384 999 3432 114.

807 3479 838 3487 -
870 3451 1029 3500 immensitas
1050 3450 1157 3516 requirit
1177 3447 1383 3499 satisfaccionem

807 3615 839 3625 ·—
857 3588 1021 3637 continuacio
1039 3589 1079 3637 12.

807 3685 839 3694 -
857 3658 1003 3706 commuuio
1022 3658 1079 3706 351.

806 3725 838 3775 (11
857 3733 933 3775 -ato
952 3725 1185 3790 predestinatorum
1204 3723 1261 3772 618.

805 3795 861 3844 sine
880 3821 910 3831 -
930 3793 1094 3843 ambulantes
1111 3792 1138 3840 in
1156 3791 1244 3857 gracia
1261 3791 1302 3839 62.

806 3877 870 3912 a—
890 3862 966 3912 homo
985 3878 1036 3911 non
1055 3860 1164 3910 absolvit
1184 3861 1239 3909 165.

806 3931 838 3981 de
858 3958 890 3967 -
907 3931 1008 3980 mortali
1020 3946 1097 3979 nemo
1109 3929 1251 3978 conteritur
1262 3927 1312 3976 nisi
1324 3943 1382 3976 cum

840 3999 888 4049 hoc
906 3999 1060 4049 confiteatur
1081 3998 1130 4047 deo
1151 4002 1177 4046 et
1195 3997 1227 4046 ab
1246 4011 1277 4045 eo
1296 4011 1383 4045 recou-

839 4069 942 4118 cilietnr
960 4070 1018 4117 509.

805 4137 832 4186 in
850 4163 883 4173 -
901 4136 1010 4185 notabili
1028 4135 1074 4201 qui
1091 4134 1234 4184 defecerint
1250 4139 1310 4182 sunt
1323 4148 1381 4182 cum

778 4228 781 4253 t
839 4205 1015 4254 moderamine
1033 4202 1182 4269 expellendi
1199 4203 1257 4253 285.
