3082 5024
175 475 236 533 660
596 467 789 517 Jonavvrs
811 467 952 525 urcem,
1255 465 1291 535 [a

258 642 301 703 Et
324 643 366 704 sic
390 642 553 721 dupliciter
575 649 676 721 potest
696 639 839 719 intelligi,
872 661 967 700 unum
989 661 1101 721 corpus
1124 662 1194 703 esse
1217 639 1291 703 m'ail

172 746 268 826 liquo,
292 746 409 806 scilicet
430 745 571 805 continue
593 743 643 804 vel
666 744 808 815 discrete;
841 744 997 816 continue,
1021 745 1100 805 sicut
1123 765 1240 824 eorpus
1260 765 1291 806 er

172 850 218 910 sui
240 857 358 928 partem
381 846 550 926 quamlibet
570 840 799 917 numeralem,²⁵
821 846 951 907 discrete
969 855 1073 907 autem
1089 867 1186 907 unum
1203 868 1291 926 corpu

172 951 253 1011 cedit
267 950 417 1030 reliquum
433 970 487 1028 per
501 957 603 1028 partes
618 948 826 1021 indivisibiles,
847 969 906 1029 que
920 969 982 1009 non
996 958 1068 1010 sunt
1082 958 1188 1028 partes
1204 970 1291 1011 nume

172 1054 223 1114 vel
244 1053 490 1133 proporcionales
512 1052 696 1130 geometrice
717 1071 771 1112 suo
794 1052 858 1111 toti.
879 1086 920 1095 -
942 1051 984 1112 Et
1004 1052 1036 1111 in
1057 1053 1118 1112 ista
1141 1053 1291 1133 equivooa

173 1156 315 1217 laborant
335 1154 482 1215 inutiliter
504 1155 646 1227 sciencie,
671 1174 729 1234 que
751 1155 925 1215 miscentur.

690 1429 776 1488 CAP.
800 1430 856 1488 IV.

258 1616 320 1678 Sed
342 1617 442 1678 adhuc
464 1618 596 1677 instatur
617 1625 723 1676 contra
743 1616 834 1677 istam
853 1617 1048 1690 sentenciam,
1073 1609 1133 1698 que
1148 1621 1286 1680 asseritur

170 1722 260 1782 fides:
302 1718 437 1800 quelibet
472 1738 544 1798 pars
581 1718 784 1798 quantitative
820 1720 952 1798 corporis
984 1728 1030 1781 est
1061 1741 1184 1801 corpus,
1226 1721 1276 1784 sed

170 1818 336 1885 ierarchie¹
369 1822 495 1883 celestes
518 1831 590 1882 sunt
615 1831 718 1901 partes
740 1822 942 1901 quantitative
973 1825 1107 1903 corporis
1134 1824 1272 1897 ecclesie,

171 1926 305 2007 quelibet
325 1926 447 1986 illarum
471 1934 516 1986 est
531 1944 650 2004 corpus,
673 1932 704 1984 et
718 1944 773 2003 per
787 1944 975 2004 consequens
990 1926 1122 2006 spiritus,
1147 1926 1291 1988 nonhabe

170 2022 376 2109 posicionem²
407 2027 456 2088 vel
487 2027 763 2099 continuacionem,
796 2026 1003 2088 constituunt³
1026 2050 1121 2089 unum
1145 2050 1261 2110 corpus.

171 2133 243 2212 quid
265 2129 499 2212 impossibilius?

255 2251 317 2312 Hic
340 2251 446 2312 dicunt
468 2248 623 2321 catholici,
647 2248 728 2328 quod
750 2247 867 2328 duplex
889 2259 1027 2328 estpars
1050 2253 1185 2330 corporis
1206 2252 1291 2313 eciam

169 2354 303 2415 cundum
325 2353 529 2432 philosophos,
553 2350 670 2411 seilicet
690 2371 762 2430 pars
784 2352 988 2430 quantitative
1010 2363 1041 2412 et
1063 2374 1135 2433 pars
1158 2354 1291 2435 qualitati

169 2467 291 2518 etcum
313 2457 410 2516 omnis
432 2456 523 2516 homo
545 2454 585 2514 sit
606 2473 724 2533 cerpus,
748 2463 779 2514 et
801 2454 903 2515 anima
925 2455 965 2515 sit
985 2457 1147 2534 perseius,
1171 2478 1231 2518 non
1245 2477 1291 2519 ver

168 2560 199 2619 in
227 2558 366 2631 dubium,
400 2558 471 2638 quin
503 2577 564 2617 non
594 2556 729 2637 quelibet
754 2577 826 2635 pars
848 2558 982 2636 corporis
1004 2568 1036 2619 et
1056 2579 1118 2620 non
1142 2559 1291 2639 quelibet

169 2662 351 2741 qualitativa
372 2661 502 2722 hominis
525 2669 571 2721 est
592 2680 711 2739 corpus.

255 2780 318 2841 Sed
339 2781 466 2841 ulterius
489 2780 683 2841 considerant
704 2779 837 2857 theologi
859 2779 1000 2841 subtilius
1017 2781 1049 2840 in
1063 2782 1124 2843 ista
1139 2783 1272 2855 materie,

169 2883 364 2944 considerant
386 2884 425 2943 de
446 2891 533 2962 parte
555 2881 733 2943 indivisibili
756 2882 901 2960 corporis,
926 2880 1097 2962 quomodo⁶
1120 2882 1199 2946 stat⁶
1220 2884 1291 2946 resol

169 2986 269 3066 quoad
300 2985 420 3047 molem.
472 2984 516 3046 Et
551 2986 594 3046 sic
629 2984 781 3065 loquendo
813 2986 851 3046 de
881 2996 968 3065 parte
1000 2988 1205 3066 quantitative
1234 3006 1291 3065 corp

168 3089 295 3149 ecclesie
318 3085 476 3149 locuntur⁷
506 3088 545 3149 de
566 3089 634 3168 ipsa
656 3090 858 3161 communius,
891 3109 982 3168 quam
1012 3089 1157 3151 locuntur
1186 3091 1291 3171 philoso

168 3191 285 3252 scilieet
305 3192 343 3252 de
365 3201 451 3270 parte
473 3190 610 3272 qualibet
630 3191 790 3264 numerali,
814 3201 845 3252 et
862 3193 905 3252 sic
920 3201 1043 3270 negant,
1067 3193 1236 3273 quamlibet
1248 3212 1291 3273 pal

169 3294 403 3373 quantitativum
426 3295 559 3374 corporis
583 3314 648 3354 esse
671 3314 793 3373 corpus,
819 3315 887 3355 cum
910 3295 1032 3374 spiritus
1053 3296 1246 3357 indivisibilis
1262 3315 1291 3375 qu

169 3397 278 3457 molem
310 3397 350 3457 sit
379 3419 450 3476 pars
482 3397 686 3478 quantitative
717 3398 850 3476 corporis
881 3396 1022 3471 ecclesie,
1059 3398 1132 3460 licet
1163 3420 1222 3460 non
1251 3395 1291 3458 hal

236 3631 259 3662 ’ὅ
276 3635 438 3685 numeralem
448 3636 527 3683 ABD
562 3635 723 3684 materialem
735 3636 756 3683 C

237 3722 312 3769 CAP.
331 3720 382 3769 11⁷.
432 3719 642 3771 ¹ierarchieA0
685 3720 883 3787 gerarclrieBD
962 3719 1150 3787 lposicionem
1161 3724 1233 3771 Ano
1270 3735 1291 3785 p(

167 3807 270 3856 ciamD
348 3802 621 3855 ⁸coustituu11tAB0
662 3807 841 3856 consistuntD
914 3803 1021 3873 ⁴quau.
1040 3812 1067 3857 et
1084 3824 1109 3873 p.
1129 3809 1200 3874 qual,
1210 3810 1258 3856 AB
1285 3820 1291 3853 t

168 3898 194 3941 et
211 3908 236 3957 p.
255 3907 333 3957 quan.
345 3893 390 3940 OD
424 3895 450 3940 in
463 3893 487 3938 A
506 3893 528 3940 ic
545 3893 604 3941 add.
623 3894 649 3940 ia
660 3909 735 3940 marn
754 3893 817 3941 Pars
835 3892 947 3957 corporis
966 3900 1005 3943 est
1022 3892 1127 3959 duplex,
1148 3891 1291 3960 quantialir

167 3977 323 4043 qualitativa
333 3975 370 4026 ΑΙ
439 3974 450 4004 ⁶
468 3977 597 4042 quomodo
607 3976 684 4035 ΙΨ,
707 3979 733 4026 in
746 3979 767 4025 0
782 3979 821 4027 tlte
837 3978 917 4026 scribe
933 3978 983 4042 left
998 3996 1016 4027 a
1032 3979 1108 4027 blank
1125 3997 1207 4043 space,
1223 3981 1247 4028 is
1261 3979 1291 4026 ie=

167 4063 244 4112 modo
261 4081 312 4112 raas
330 4065 436 4112 inseret
454 4065 483 4127 by
496 4062 537 4120 0¹,
556 4065 597 4112 bot
615 4066 654 4113 lle
670 4064 747 4112 blank
764 4081 814 4111 caca
831 4067 874 4112 not
885 4064 959 4131 filled
975 4064 1045 4129 ὑμέ,
1061 4081 1089 4113 ao
1108 4066 1239 4115 matam
1254 4065 1291 4112 iel

167 4149 280 4213 corporis
297 4167 314 4196 ιι
332 4149 422 4196 laeena
458 4164 536 4213 qnam
548 4152 599 4199 AD
669 4146 829 4198 ‘statACD
872 4151 1009 4198 constatB
1086 4143 1291 4216 'loquuntural

202 4233 342 4298 loquentur
350 4236 395 4296 (l)
405 4236 432 4282 E
