3082 5024
376 452 554 503 GENEEAL
573 453 702 505 INDEX.
1076 458 1137 517 741

136 639 150 674 e
172 625 286 690 praeiens,
310 640 416 690 pauper,
435 625 509 676 mini-
561 623 637 673 Cristi
655 624 766 674 ecclesia
784 625 900 675 manebit
917 639 1000 690 usque
1018 624 1052 674 ad
1068 625 1138 675 diem

136 695 166 743 ..6
596 693 684 742 iudicii
703 695 761 743 619.

136 763 157 811 rb
174 760 323 812 infidelibus
346 763 536 819 durissimam¹
562 762 724 812 —eccleeia
741 762 846 827 quando
859 761 1019 813 ordinacioni
1040 761 1139 813 coufor-

136 831 213 949 ιδιιιιῗιιι
234 914 332 966 genera
353 899 509 951 infirmitatis
534 912 536 1017 p
563 832 809 1018 -ἓὲιειδιῖ3ι1ιι
802 915 829 948 ιιι
845 899 1004 965 pauperibus
1018 897 1140 949 fidelibus

136 1042 229 1085 servat
245 1037 428 1100 paternitatem
451 1040 508 1089 165.
534 1022 536 1067 ¹
564 1065 595 1073 —
613 1037 825 1088 excommunacio
843 1036 937 1087 forcior
954 1051 1033 1102 quam
1050 1036 1139 1087 huma-

136 1120 195 1170 gem
208 1111 234 1154 et
245 1104 358 1155 officium
371 1106 424 1156 suis
436 1106 510 1157 disci-
534 1112 537 1135 ¹
596 1121 631 1155 nu
649 1108 707 1156 591.

564 1201 594 1210 -
613 1174 775 1240 exemplacio
795 1175 851 1225 145.

136 1242 250 1308 ilegem
269 1243 360 1292 statuit
378 1245 419 1294 96.
562 1243 710 1292 -facesia
728 1243 769 1294 16.

136 1311 269 1361 estimenta
286 1311 326 1360 27.
564 1312 683 1361 —facta
700 1328 752 1361 nou
770 1319 831 1361 sunt
847 1312 1000 1377 corrigenda
1021 1314 1077 1362 191.

136 1379 394 1430 eventatemlocntus
403 1389 443 1431 est
451 1374 537 1459 230
535 1406 537 1410 ·
563 1407 595 1416 -
613 1380 694 1446 gladii
712 1382 769 1431 691.

136 1451 157 1498 9.
563 1448 732 1515 -graciosa
749 1448 841 1514 regula
860 1449 917 1498 140

141 1517 236 1567 caritas
256 1520 311 1567 169.
564 1517 764 1567 -irnmediata
781 1518 873 1584 regula
890 1534 936 1582 pro
954 1518 1007 1566 suis
1019 1516 1139 1567 fidelibus

137 1586 197 1635 ariis
206 1585 509 1638 modislocutusest290.
596 1587 654 1638 527.

136 1673 143 1704 r
161 1662 188 1705 et
206 1671 282 1704 verus
301 1654 376 1705 homo
394 1658 436 1706 69.
564 1683 594 1691 -
613 1655 704 1721 iugum
721 1654 780 1704 leve
799 1661 826 1704 et
843 1670 924 1704 suave
943 1655 1000 1705 304.

136 1740 145 1773 s
163 1730 189 1773 et
206 1738 283 1773 verus
299 1723 375 1774 homo
395 1726 510 1790 omnipo·
563 1751 594 1759 —
613 1723 666 1790 legi
684 1724 812 1774 contrarie
824 1724 910 1774 facere
925 1740 977 1773 non
989 1722 1062 1772 licuit
1079 1723 1137 1773 249.

136 1793 208 1842 ciens
226 1801 252 1842 et
270 1793 432 1844 omnivalens
451 1797 490 1845 14.
534 1782 536 1875 1
563 1819 594 1829 -
613 1792 656 1842 lex
674 1808 690 1842 a
708 1793 813 1857 prelatis
831 1793 1024 1858 contempnitur
1041 1793 1098 1842 560.

136 1877 144 1909 ι
161 1868 188 1911 et
206 1861 325 1911 dominus
348 1862 509 1913 dominorum
534 1908 536 1913 .
562 1888 594 1897 —
613 1861 657 1911 lex
674 1861 741 1911 falsa
758 1869 785 1912 et
802 1860 961 1911 insufficiens
980 1862 1037 1911 llo.

534 1926 536 1931 ’
562 1955 595 1965 -
622 1929 665 1978 lex
691 1929 768 1980 hodie
794 1945 891 1996 paucus
920 1930 1034 1980 fautores
1060 1929 1140 1979 habet

136 1999 159 2048 it
177 1998 342 2063 blasphemus
360 2000 417 2049 39'l.
533 1996 536 2029 ²
598 2000 655 2048 696.

136 2067 199 2117 oluit
211 2066 343 2117 meliorem
355 2068 509 2135 religionem
533 2064 535 2073 '
565 2066 656 2116 -lex
674 2065 766 2117 melior
782 2066 907 2132 religione
925 2066 1051 2117 hodierna
1070 2068 1126 2118 199.

136 2137 290 2201 amputati
309 2138 410 2201 patroni
428 2139 468 2188 34.
562 2162 593 2171 ·-
613 2135 656 2184 lex
674 2135 766 2200 multip
767 2135 811 2184 lex
828 2135 885 2185 573

136 2205 197 2270 pueri
218 2221 263 2269 pro
286 2205 432 2256 hominibus
450 2210 508 2258 461.
564 2231 591 2240 -
612 2203 654 2252 lex
673 2220 725 2255 non
743 2219 790 2269 per
806 2219 835 2253 se
852 2203 984 2254 sufficiens
1005 2202 1040 2253 ad
1057 2203 1139 2254 eccle-

147 2289 194 2338 pro
212 2275 318 2322 fratrum
341 2291 445 2324 suorum
462 2276 508 2325 cri·
594 2272 658 2321 siam
671 2271 845 2338 regulandum
863 2273 921 2322 569.

153 2343 260 2407 punitus
278 2344 336 2393 330
561 2369 594 2379 -
611 2341 655 2390 lex
672 2356 719 2406 per
736 2356 765 2391 se
783 2339 914 2390 sufficiens
933 2342 990 2392 662.

136 2412 220 2461 unium
250 2410 394 2473 fierrdorurn
429 2412 509 2463 habet
561 2409 655 2459 -lex
667 2425 713 2474 per
724 2424 753 2459 se
765 2408 897 2459 sufficiens
915 2417 942 2459 st
959 2410 1075 2461 veritatis
1094 2410 1138 2461 de·

532 2478 535 2515 ⁵
595 2478 675 2528 cisiva
693 2479 751 2529 606

136 2555 223 2597 esunt
240 2549 318 2614 plene
336 2549 433 2599 salubri
450 2566 507 2600 sen·
561 2575 592 2583 -
611 2547 653 2596 lex
666 2546 777 2611 precipit
787 2546 913 2612 aufugere
926 2561 941 2594 a
954 2546 1076 2597 fratribus
1095 2548 1136 2600 76.

562 2643 590 2652 -
611 2614 790 2681 magnificacio
808 2630 855 2680 per
873 2610 1011 2679 baptistam
1029 2617 1088 2667 299

136 2701 201 2735 rrum
218 2686 342 2735 sanctitas
359 2688 399 2737 61.
560 2711 592 2720 -
611 2683 772 2734 mendieacio
791 2685 848 2734 105

136 2755 177 2804 47
532 2756 534 2765 “
561 2780 592 2789 -
612 2752 706 2802 milites
723 2752 837 2802 infantes
852 2758 914 2801 sunt
932 2752 988 2802 tot.

136 2823 210 2872 iosior
228 2838 306 2888 quam
327 2832 398 2873 carta
419 2812 534 2873 ιιιιιιιιι-ΙΙ
560 2849 592 2858 -
611 2821 747 2900 multiplex
764 2821 807 2870 lex
825 2821 882 2872 092.

532 2904 534 2945 ;
560 2918 592 2926 -
611 2890 707 2940 novicii
727 2891 782 2940 139.

136 3001 138 3007 ,
156 2967 216 3008 sunt
234 2959 335 3009 ditandi
353 2960 411 3010 102.
560 2958 801 3024 -omnipotencia
819 2964 846 3009 at
863 2958 1047 3009 omnisciencia
1065 2959 1123 3010 712.

136 3027 220 3093 ligiosi
236 3028 355 3078 nrodemi
372 3029 462 3079 dicunt
479 3045 507 3079 se
560 3054 589 3064 -
611 3042 690 3092 opera
707 3027 824 3092 perfecta
841 3028 882 3076 66.

136 3098 180 3146 ¹15.
560 3123 591 3133 —
611 3096 741 3146 ordinacio
760 3096 817 3147 994.

135 3181 160 3214 m
178 3164 306 3228 dyabolus
324 3173 432 3231 usurpat
449 3167 506 3217 326.
561 3191 593 3200 -
611 3164 742 3215 ordinacio
760 3163 865 3230 dirupta
881 3179 898 3213 a
915 3165 991 3215 sectis
1012 3167 1068 3216 142.

136 3233 260 3298 incipalia
279 3235 336 3284 527.
559 3260 592 3269 -
611 3234 742 3284 ordinacio
759 3248 812 3282 non
829 3232 943 3298 prudens
962 3235 1020 3284 566.

137 3301 228 3368 religio
241 3303 355 3352 securior
373 3303 508 3352 melioret
560 3329 591 3337 -
610 3302 706 3351 ordinis
724 3301 858 3351 sinceritas
877 3302 917 3351 6l.

136 3387 144 3419 1
162 3371 264 3435 privata
282 3373 340 3422 521.
560 3397 592 3406 -
611 3377 637 3418 et
654 3384 722 3435 pape
739 3371 904 3420 conversacio
922 3371 979 3419 666.

137 3439 163 3488 in
179 3441 302 3490 scrutinio
314 3441 431 3489 raritatis
449 3441 506 3491 963.
562 3466 591 3474 -
610 3439 726 3504 perfecto
743 3453 823 3503 opera
841 3440 882 3488 66.

136 3515 181 3557 cut
196 3515 267 3557 secte
286 3510 326 3559 30.
560 3533 592 3542 -
611 3514 638 3557 et
655 3507 726 3557 Petri
742 3506 896 3557 obediencia
915 3509 971 3558 101.

136 3576 251 3626 Scarioth
264 3594 326 3627 num
339 3576 437 3627 heresis
455 3593 507 3627 ma·
531 3598 591 3629 r·—
560 3575 799 3654 —predsstinacio
825 3577 950 3640 perrrlet'
944 3592 971 3623 ιιι
997 3575 1136 3626 sanctitate

593 3645 647 3694 vite
665 3659 733 3709 pape
752 3645 809 3694 620.

136 3713 245 3763 idacium
269 3715 374 3764 minime
399 3715 507 3779 imponi·
560 3741 591 3749 -
610 3713 727 3778 primeva
744 3712 876 3762 ordinacio
896 3714 951 3761 145.

136 3784 154 3831 3.
560 3809 592 3817 -
610 3781 702 3848 regula
719 3781 752 3831 de
770 3782 889 3830 omnibus
908 3780 980 3828 inuris
999 3780 1056 3830 276.

136 3854 153 3912 ,ις
174 3851 232 3901 703.
561 3879 591 3885 -
611 3850 729 3917 regulam
745 3850 802 3915 plus
815 3851 980 3915 perfecturus
969 3848 1135 3899 scotedirnit·

136 3919 248 3984 implices
259 3920 348 3983 ydiota
366 3928 393 3970 et
410 3935 507 3985 paupe·
592 3925 652 3968 tunt
642 3920 727 3970 1112

560 4015 591 4023 -
610 3988 701 4054 regule
716 3986 844 4052 proteccio
862 3987 920 4036 246.

138 4070 170 4106 on
189 4063 249 4105 snut
265 4067 335 4106 secte
354 4056 394 4106 73.
560 4056 702 4123 -religio
724 4061 763 4105 est
784 4069 888 4105 servare
915 4058 1011 4103 statum
1033 4053 1134 4103 institu-

136 4125 311 4190 tranquillitas
334 4125 427 4174 mentis
446 4122 534 4175 data'
593 4133 648 4173 tum
667 4139 682 4174 a
701 4123 783 4173 Gristo
801 4125 858 4174 304.

531 4200 534 4243 1
561 4219 591 4228 -
611 4192 701 4259 religio
720 4191 823 4242 excedit
838 4190 956 4257 singulas
972 4196 1057 4241 sectas
1074 4191 1116 4242 34.
