3082 5024
257 464 319 524 432
359 461 386 509 J.
406 458 545 516 WIOLIF,
562 459 617 508 DE
633 459 788 508 DUOBUS
807 457 1028 507 GENEBIBUS
1044 458 1358 509 HAERETIOORUM.

257 633 375 694 fratres.
421 631 535 693 Omnes
566 632 646 692 enirn
676 631 731 705 illi,
764 632 814 713 qui
846 640 950 693 tacent
980 639 1105 713 propter
1134 631 1253 693 lucrum
1287 632 1388 694 seculi
1413 626 1462 694 vel

257 735 462 797 salvacionem
485 735 619 814 corporis
640 735 848 814 temporalem,
872 743 943 795 sunt
964 734 1078 795 domini
1099 734 1278 815 proditores.

342 837 385 899 Et
406 838 487 899 idem
510 848 556 898 est
577 837 722 898 iudicium
745 837 784 899 de
806 838 934 898 dominis
954 837 1181 917 temporalibus,
1205 837 1256 917 qui
1271 836 1393 898 debent
1405 825 1456 899 sul·

258 961 337 1020 peno
367 940 550 1020 prodicionis
580 949 728 1021 perpetue
758 941 907 1002 hereticos
938 940 1089 1021 predictos
1114 940 1268 1001 destruere
1293 948 1326 1001 et
1347 940 1456 1001 servire

145 1041 149 1050 '
257 1044 289 1104 in
330 1043 389 1104 fide
425 1042 546 1103 domino
592 1052 692 1104 nostro
728 1044 800 1105 Iesu
836 1042 943 1104 Cristo.
1002 1042 1083 1104 Nam
1129 1043 1298 1104 secundum
1338 1043 1457 1105 decre&

257 1153 447 1208 sanctorurn⁶
483 1167 544 1207 non
581 1154 665 1207 caret
697 1145 830 1226 scripulo
861 1147 1013 1208 societatis
1045 1145 1172 1218 occulte,
1213 1145 1264 1224 qui
1298 1146 1456 1207 manifesto

258 1249 386 1311 facinori
410 1249 522 1310 desinit
544 1248 677 1310 obviare.
701 1285 743 1294 —

342 1351 411 1413 Has
447 1360 549 1412 nutem
585 1351 705 1412 hereses
741 1359 883 1412 tenentur
919 1372 1022 1414 omnes
1057 1351 1162 1413 fideles
1199 1351 1255 1411 niti
1287 1351 1455 1425 destruere3

256 1456 353 1535 primo
385 1455 495 1528 clerici,
528 1454 581 1515 sed
612 1454 757 1534 precipue
786 1454 897 1535 prelati
928 1475 964 1516 ac
994 1455 1112 1527 fratres,
1145 1475 1215 1515 curn
1246 1452 1341 1515 aliter
1361 1455 1458 1517 forent

256 1558 394 1638 fugiendi
424 1557 550 1618 heretici
581 1577 620 1618 ex
651 1577 812 1630 consensu;
845 1557 978 1618 secundo
1006 1557 1112 1618 mundi
1133 1556 1288 1637 principes
1312 1578 1385 1618 curn
1407 1576 1456 1619 sno

258 1661 381 1723 consilio
413 1669 445 1722 et
470 1658 561 1721 Cristi
592 1660 706 1721 milicia
737 1660 845 1721 saltem
867 1661 1035 1722 fomentum
1066 1660 1156 1721 huius
1178 1659 1316 1721 criminis
1344 1661 1457 1723 subtre-

256 1764 357 1826 hendo
388 1772 419 1825 et
447 1763 616 1843 proditores
647 1762 761 1823 domini
791 1782 852 1824 non
882 1763 1027 1836 fovendo;
1064 1772 1095 1824 et
1125 1762 1231 1834 torcio,
1266 1783 1341 1824 curn
1372 1765 1458 1827 huin

256 1866 425 1928 destruccio
447 1887 508 1927 non
530 1862 742 1946 perficeretur⁴
765 1866 829 1926 sine
851 1866 959 1946 grandi
981 1865 1031 1926 dei
1053 1865 1209 1938 miraculo,
1232 1872 1302 1926 tcta
1325 1888 1458 1928 commu·

256 1970 335 2031 nitas
356 1979 477 2030 tenetur
498 1989 614 2048 rogere,
648 1977 682 2030 ut
702 1969 778 2029 deus
800 1969 925 2030 adiuvet
946 1969 977 2029 in
999 1969 1057 2029 hac
1079 1977 1176 2048 porte.
1223 1967 1286 2029 Sed
1311 1969 1390 2032 heu!
1421 1968 1458 2031 cd

256 2081 376 2135 tantum
405 2072 536 2133 invaluit
565 2093 637 2152 pars
667 2072 811 2151 principis
842 2071 931 2132 huius
961 2071 1076 2144 mundi,
1109 2071 1191 2152 quod
1212 2071 1267 2132 vix
1289 2074 1459 2154 reperietur
1509 2054 1513 2155 Ι,

256 2176 346 2237 hodie
369 2176 485 2248 civitas,
519 2175 593 2235 villo
615 2175 665 2236 vel
687 2175 811 2236 viatoris
834 2175 986 2248 colleccio,
1010 2175 1084 2255 quin
1105 2183 1243 2236 tenentes
1266 2175 1336 2237 eius
1357 2177 1392 2237 in
1411 2194 1459 2258 po·

257 2279 357 2340 rencia
386 2289 418 2340 et
446 2279 478 2339 in
509 2278 689 2339 certitudine
720 2273 931 2358 prevalerent⁵
963 2287 1068 2339 contro
1099 2276 1242 2339 Cristum.
1289 2277 1358 2340 Sed
1389 2281 1460 2341 sciet

256 2403 328 2462 pars
358 2382 518 2454 anticristi,
551 2381 632 2462 quod
654 2381 785 2442 finaliter
807 2389 934 2461 oportet,
967 2391 1002 2442 ut
1023 2380 1079 2442 deo
1112 2381 1267 2442 observiet
1297 2382 1458 2462 paciendo,

255 2483 366 2546 Arnen.

857 2588 972 2669 Incipit
992 2597 1140 2650 tractatus
1162 2587 1201 2649 de
1222 2588 1378 2651 trinitate.

469 2762 479 2783 ⁶
499 2775 537 2821 cp.
550 2761 611 2807 Atto
630 2760 715 2823 Epire.
730 2759 834 2807 Vercell.
852 2759 896 2819 (in
907 2759 949 2807 Du
963 2760 1061 2822 Caspe)
1078 2760 1127 2824 Ep.
1138 2765 1170 2810 10
1187 2760 1257 2823 apud
1277 2761 1355 2810 eund.
1375 2762 1459 2810 Ardor.

429 2848 484 2892 rom.
503 2849 526 2894 8.
544 2845 626 2909 spicil.
640 2862 668 2910 p.
689 2850 751 2896 131.-
770 2845 901 2908 Neqlipere
922 2847 993 2903 enim,
1015 2845 1057 2909 qru‘
1071 2850 1154 2909 potor
1171 2845 1307 2894 caerem
1322 2863 1460 2910 pervener,

428 2930 491 2978 nitu
508 2931 580 2980 aliud
597 2936 641 2988 ert,
659 2947 732 2995 pram
748 2932 839 2996 fovere.
880 2932 932 2980 Nec
950 2935 1019 2980 caret
1035 2930 1149 2994 scrrpulo
1161 2935 1205 2979 otc.
1245 2931 1290 2996 Op.
1309 2933 1372 2983 aleo
1391 2935 1458 2997 Oorp.

428 3017 475 3064 ier.
493 3033 547 3065 cau.
565 3017 620 3078 (ed.
640 3017 906 3081 Richter-Melina,
924 3018 1026 3081 Leipzip
1046 3017 1129 3079 1880)
1147 3017 1223 3066 Decr.
1241 3017 1280 3065 11
1295 3018 1329 3067 P.
1351 3020 1396 3070 ΙΙ.
1416 3020 1459 3083 Q!-

427 3120 448 3149 c.
461 3106 507 3153 55:
524 3103 654 3166 myliyere,
667 3119 797 3168 perversor
814 3120 867 3152 cum
882 3105 964 3167 porris
977 3103 1134 3168 perturbare,
1150 3101 1227 3152 nichil
1244 3107 1282 3151 ert
1298 3104 1379 3154 aliod
1391 3119 1460 3170 qna!

426 3189 516 3251 fovere.
552 3190 604 3237 Nec
622 3193 692 3238 caret
707 3190 824 3254 compulo
842 3194 886 3238 etc.
905 3191 950 3238 wie
967 3189 1033 3239 olen.

325 3339 335 3368 ⁵¹
352 3342 492 3408 pficerctur
503 3345 566 3401 cod„
584 3345 623 3393 the
639 3344 723 3394 stroke
740 3346 844 3408 throuyl
860 3347 900 3393 tlte
917 3344 991 3394 lower
1004 3349 1067 3408 port
1077 3346 1110 3408 of
1123 3345 1190 3409 tloep
1204 3344 1344 3394 nostres
1383 3343 1460 3413 ‘pre-

260 3428 362 3478 valeret
374 3430 427 3478 rod.
