3082 5024
172 461 232 518 758
603 459 781 507 &abacia
799 460 929 508 INDEX.

170 628 340 678 Evidenciam
356 630 398 679 vel
411 631 613 695 perfunctoriam
625 646 677 679 nou
689 646 746 696 pos·
770 648 773 747 1
798 631 1006 696 Euangelizacio
1024 638 1097 681 recta
1107 632 1223 681 securior
1238 639 1262 681 et
1271 608 1373 681 lacf
1383 603 1396 658 11

205 705 265 747 sunt
282 698 368 748 facere
387 706 499 764 quatuor
515 706 585 748 secte
603 699 661 749 277.
832 706 872 749 est
889 715 967 765 quam
986 700 1084 750 eleccio
1101 715 1170 766 pape
1188 701 1245 750 675.

169 780 343 831 superquam
362 795 393 803 -
413 767 496 818 tidelis
514 768 631 833 quiescat
648 770 705 819 229.
770 760 773 789 ¹

770 794 773 811 ³
799 768 933 817 —cionem
951 776 1021 818 secte
1039 770 1196 819 subvertunt
1219 770 1275 819 312.

169 834 225 883 sine
243 836 318 885 -cia
336 843 375 885 est
392 836 540 887 ruendicare
558 837 668 887 Cristum
688 840 744 888 191.
770 828 773 873 i
797 837 831 885 ab
849 838 957 886 -cione
971 837 1081 888 ecclesie
1098 837 1192 888 fratres
1203 853 1255 887 uon
1266 839 1396 904 impffl

172 904 244 952 -cie
263 910 352 953 contra
370 913 454 954 sectas
476 906 555 955 sciolo
579 906 655 956 facile
683 906 744 956 defi·
770 878 772 993 l
831 914 911 955 untur
929 908 986 956 370.

205 972 277 1020 ciunt
295 974 352 1023 176.
798 975 1024 1040 Ewangelizantes
1036 975 1135 1024 debent
1142 975 1233 1024 111616
1242 974 1275 1024 de
1286 979 1396 1025 erre

171 1066 202 1074 -—
220 1041 306 1104 topice
324 1049 414 1091 contra
431 1049 514 1092 sectare
534 1043 591 1092 176.
770 1018 772 1087 l
831 1043 900 1109 gelio
921 1045 976 1093 197.

171 1135 203 1144 —
230 1109 311 1159 multe
338 1110 429 1161 frivole
455 1112 581 1161 anticristi
609 1112 744 1177 discipulo·
770 1099 772 1135 t
796 1112 1396 1177 -zandoplusseqnerenturfratresetomr:

204 1193 259 1226 rum
279 1180 336 1229 276.
830 1181 978 1230 sacerdotes
999 1182 1080 1230 vitam
1103 1181 1273 1246 apostolicam
1295 1193 1396 1246 qu-

170 1272 201 1280 —
221 1246 254 1295 acl
272 1249 477 1298 continuandum
495 1256 578 1298 sectas
596 1250 654 1300 247.
830 1249 991 1315 acceptando
1008 1250 1136 1315 prelaoiss
1153 1264 1274 1299 cesareae
1294 1253 1396 1300 312

172 1340 198 1349 -
222 1315 286 1364 nciis
302 1316 367 1366 fictis
389 1334 441 1367 non
460 1318 621 1368 obstantibus
644 1325 745 1383 oportet
796 1318 932 1368 Exaltucio
944 1320 1024 1383 partis
1036 1318 1141 1382 dyaboli
1154 1334 1202 1383 per
1210 1320 1396 1384 1111111116-

204 1398 307 1434 sensum
326 1386 423 1435 domini
441 1402 544 1451 semper
560 1393 629 1436 stare
647 1388 705 1436 288.
769 1420 771 1427 .
795 1388 953 1436 Examinare
965 1386 1093 1437 hereticos
1104 1386 1250 1452 prudenter
1264 1404 1396 1454 popu-s

169 1451 276 1503 Evitare
294 1462 378 1504 sectas
396 1456 527 1520 apostolus
544 1455 651 1505 mandat
668 1457 709 1504 44.
769 1450 772 1545 l
830 1455 909 1505 debet
930 1458 988 1505 383.

168 1521 339 1587 Euangeliou
356 1525 499 1589 prudencia
518 1526 574 1572 101.
769 1550 771 1591 1
796 1524 920 1573 Execesti
946 1540 1035 1573 sumus
1053 1525 1080 1573 in
1102 1522 1258 1575 infidelitate
1280 1524 1312 1575 de
1327 1541 1382 1591 t

170 1615 200 1623 —
221 1593 340 1654 operacio
359 1592 449 1641 melior
461 1609 540 1658 quum
552 1593 638 1641 oracio
651 1607 744 1640 usuum
769 1598 771 1637 1
829 1593 875 1642 1111
893 1593 1086 1658 omnipoteueia
1103 1594 1161 1641 419.

205 1659 262 1709 345.
769 1654 771 1731 j
796 1661 907 1710 Excedit
923 1668 996 1711 secta
1013 1663 1143 1711 Minorem
1161 1661 1290 1728 reliquam
1308 1664 1377 1712 53

170 1752 200 1760 -
219 1726 263 1776 lex
281 1744 328 1778 seu
346 1728 410 1779 tides
428 1730 519 1797 regula
531 1738 602 1779 secte
615 1729 691 1778 Oristi
703 1731 744 1780 22.
769 1742 771 1753 ¹
798 1737 964 1779 —cesserunt
976 1731 1105 1795 apostolos
1121 1729 1274 1781 fundatores
1294 1746 1395 1780 set:-

170 1793 281 1845 -licum
299 1812 404 1846 sensum
417 1798 540 1848 divinitus
553 1798 641 1847 datum
661 1814 744 1848 sacer·
831 1800 948 1848 11111191.

203 1862 276 1914 dotes
294 1865 391 1916 habent
409 1867 466 1917 371.
796 1867 964 1916 Excellencia
974 1868 1046 1917 Petri
1063 1882 1143 1933 supra
1159 1867 1226 1916 alios
1242 1878 1396 1934 aportat:-

168 1931 349 1999 Ewangelium
362 1935 493 1985 sufficiens
510 1936 602 2001 regula
614 1935 745 2003 religionis
769 1988 772 2009 Ι
830 1952 863 1985 ex
882 1936 924 1985 dei
942 1936 1031 2001 gracia
1047 1944 1104 1986 erat
1121 1937 1180 1988 668.

203 2004 261 2051 437.
797 2031 828 2040 —
846 2005 972 2069 precipua
989 2012 1119 2054 sectarum
1139 2006 1197 2054 184.

170 2094 198 2103 -
221 2071 253 2121 de
271 2072 454 2136 procreacione
472 2074 571 2123 carnali
591 2075 647 2124 196.
796 2073 901 2122 Excitat
923 2087 992 2138 papa
1013 2073 1131 2123 homines
1153 2073 1187 2122 ad
1205 2072 1396 2140 pugnans:

169 2163 201 2172 -
220 2139 338 2207 diwlgari
355 2141 448 2190 nolunt
464 2142 577 2207 pharisei
598 2143 654 2192 126.
831 2142 894 2201 603;
914 2143 972 2191 613.

170 2231 201 2240 —
219 2210 310 2275 regine
319 2209 413 2275 Anglie
431 2211 458 2258 in
470 2210 568 2277 lingua
579 2212 672 2277 triplici
685 2227 745 2261 exa·
770 2220 772 2227 ’
797 2215 887 2259 -tant
892 2210 1085 2275 pseudofratres
1095 2210 1395 2277 adpugnandumffl

203 2284 286 2327 ratum
307 2281 363 2328 163.
769 2286 772 2296 ’
796 2279 920 2328 Exclusio
938 2278 1117 2344 perplexitatis
1135 2280 1194 2328 344.

168 2369 201 2378 -
220 2347 247 2395 in
265 2347 355 2413 wlgari
367 2347 502 2412 predicare
514 2347 590 2398 homo
603 2365 655 2398 non
667 2349 745 2399 debet
796 2346 1316 2413 Excommunicaciocristiforciorquam
1360 2362 1396 2393 .-

205 2416 261 2464 126.
830 2418 986 2465 1111111591.

171 2506 197 2515 -
219 2491 273 2533 tam
296 2485 370 2549 panis
392 2501 471 2551 qnam
493 2502 586 2551 corpus
604 2484 679 2535 cristi
706 2492 746 2536 est
797 2483 1396 2552 -cionesmendacessuntindulgenciez

203 2554 261 2602 363.
796 2579 829 2588 -
848 2560 874 2602 et
892 2568 1000 2602 censure
1018 2552 1079 2603 ficte
1096 2568 1165 2620 pape
1184 2556 1242 2604 661.

169 2646 201 2654 -
219 2637 316 2670 novum
334 2622 434 2687 fingere
451 2625 509 2674 616.
797 2648 828 2657 —
847 2622 955 2687 papales
975 2624 1030 2671 130.

168 2714 203 2723 -
220 2690 354 2754 predicare
373 2693 430 2740 535.
795 2691 1010 2739 Excommunicat
1026 2705 1097 2756 papa
1112 2690 1276 2741 adversarios
1294 2683 1396 2740 53:

168 2783 201 2792 —
219 2773 288 2823 papa
305 2775 358 2807 nou
375 2760 519 2824 predicavit
536 2760 652 2811 hostibus
669 2761 727 2810 626.
796 2760 941 2808 Excusacio
959 2759 1053 2824 triplex
1071 2759 1209 2809 citatomm
1227 2762 1285 2811 555.

169 2852 201 2861 -
219 2827 296 2876 Pauli
314 2835 353 2876 est
371 2829 544 2891 ewangelium
563 2827 715 2879 certitas.
797 2855 829 2863 -
848 2828 1048 2877 fratrifactorum
1066 2828 1124 2878 527.

170 2895 265 2960 -gelii
283 2911 387 2944 sensum
406 2889 462 2945 esse
478 2913 584 2947 sensum
601 2913 677 2946 suum
695 2898 743 2947 fra·
797 2923 828 2932 -
847 2890 1396 2961 16111111111111111111111116111111111241

203 2970 255 3012 1161
273 2963 376 3030 lingunt
393 2966 451 3014 371.
796 2994 828 3003 -
847 2971 975 3014 sectarum
993 2966 1034 3014 93.

169 3057 200 3066 -
219 3032 365 3097 predicacio
382 3033 464 3083 libera
482 3036 540 3084 683.
797 3033 918 3082 -ciones
936 3033 1054 3082 ordinum
1072 3049 1124 3082 non
1143 3033 1235 3084 valent
1253 3034 1309 3084 416.

169 3126 200 3134 -
220 3101 332 3150 mendici
349 3102 420 3151 beati
437 3109 498 3151 sunt
517 3104 573 3152 196.
797 3102 923 3151 Excusari
941 3118 993 3152 non
1011 3108 1118 3167 possunt
1135 3103 1229 3152 fratres
1247 3105 1292 3155 55:
1309 3096 1375 3172 95¹.

169 3196 201 3203 -
218 3170 364 3235 predicacio
383 3170 519 3220 interdieta
537 3173 595 3221 626.
798 3197 829 3206 —
848 3187 900 3219 nen
917 3178 1025 3235 possunt
1042 3171 1112 3236 apud
1127 3170 1242 3221 iudicem
1259 3170 1395 3221 veritam

169 3264 200 3273 -
219 3239 328 3288 consilia
345 3239 483 3289 observare
502 3241 560 3290 529.
769 3236 771 3249 “
830 3238 990 3289 dimittentes
1002 3238 1196 3289 ordinacionem
1210 3240 1321 3290 ecclesie
1335 3232 1391 3285 32-

169 3307 271 3374 —gelio
289 3308 435 3357 ceremouio
454 3308 520 3374 legis
536 3310 633 3360 veteris
651 3309 744 3359 cedere
796 3309 1023 3357 uonExcusantur
1034 3307 1132 3357 domini
1144 3316 1172 3358 et
1184 3308 1396 3374 domineprcpf

203 3376 300 3426 debent
317 3377 375 3426 289.
830 3384 870 3425 ter
886 3376 1065 3441 ignoranciam
1082 3378 1140 3426 440.

169 3471 198 3479 -
219 3445 311 3495 fratres
328 3445 509 3496 contradicunt
526 3447 585 3496 371.
795 3444 964 3493 Excuciouda
981 3445 1122 3495 orthodoxe
1140 3445 1186 3495 lux
1205 3444 1268 3495 fidei
1284 3446 1336 3496 400.

170 3540 200 3548 -
220 3513 391 3564 CristiJudas
404 3514 588 3564 offendiculum
600 3516 673 3581 ponit
685 3517 743 3565 371.
796 3513 927 3562 Errecucio
944 3514 1047 3579 negocii
1063 3513 1173 3563 fratrum
1192 3515 1252 3565 463.

168 3596 200 3629 ex
219 3610 250 3618 -
270 3599 323 3632 non
344 3583 469 3633 fundatur
492 3584 623 3634 hostiatim
645 3584 743 3634 mendi·
795 3582 938 3646 Erempcio
961 3582 1069 3632 fratrum
1092 3596 1109 3631 a
1126 3584 1292 3633 correccione
1308 3584 1361 3649 epis

202 3667 261 3701 care
282 3653 337 3700 166.
831 3651 889 3715 copi
907 3652 948 3700 69.

168 3719 200 3768 de
219 3748 251 3756 -
270 3720 359 3770 vivere
379 3721 436 3771 191.
795 3719 918 3784 Exempti
935 3718 1027 3769 fratres
1045 3718 1077 3768 de
1095 3720 1223 3770 servitute
1241 3719 1364 3772 mundane

167 3787 242 3836 de-
253 3789 472 3855 ewangelizantes
481 3789 579 3839 debent
586 3789 676 3839 vivere
688 3791 744 3839 197.
831 3789 888 3836 103.

167 3856 193 3904 111
213 3859 390 3922 —possessio
416 3859 449 3907 iu.
468 3858 537 3908 clero
560 3874 612 3907 non
635 3857 745 3908 1111111111
795 3855 964 3920 Exemplacio
982 3854 1058 3905 Gristi
1077 3856 1134 3907 145.

203 3934 242 3975 est
260 3928 316 3975 195.
795 3924 963 3989 Exemplavit
974 3923 1072 3975 Oristrrs
1089 3925 1179 3990 aliqua
1197 3926 1308 3977 ecclesie
1324 3928 1369 3978 nti·

167 3993 193 4041 in
212 4021 245 4030 —
265 3993 362 4043 Gristus
384 4011 443 4044 suos
468 3995 598 4045 ordinavit
615 3993 745 4058 dyacouos
829 3993 865 4042 lia
883 3993 966 4059 magis
984 3993 1113 4043 subtiliter
1130 3994 1190 4046 267.

202 4063 260 4112 267.
797 4089 828 4098 —
847 4061 1369 4127 61111116111161111116661111161111111261.

168 4130 193 4178 111
213 4158 244 4166 -
264 4139 429 4197 exprossatus
446 4139 529 4182 status
541 4130 661 4195 dyacouii
679 4130 744 4182 falso
795 4131 821 4179 in
844 4130 1026 4195 Exemplando
1046 4130 1157 4181 ecclesie
1178 4131 1255 4181 utilia
1279 4132 1370 4199 gradus

203 4206 315 4265 negatur
332 4202 390 4251 267.
830 4198 987 4264 multiplices
1005 4206 1065 4249 suut
1083 4200 1141 4251 261.
