3082 5024
157 464 237 533 111]
287 469 343 517 DE
359 466 669 517 coamalaffl'a
684 467 850 517 DUORUM
864 467 1107 518 DOMINORUM.
1235 474 1294 530 '¹101

146 661 217 715 ‚ege
241 641 360 702 domini
383 651 428 702 est
449 650 579 714 remota,
613 662 681 703 cum
713 643 745 702 in
772 662 882 720 penam
911 642 1028 720 peccati
1051 640 1192 720 superbie
1215 642 1297 702 edifi-

146 744 238 804 cium
263 745 372 827 turrim
394 743 491 806 Babel
520 753 566 806 est
593 744 701 806 divisio
723 745 903 823 linguarum
930 745 1028 805 adeo
1055 754 1086 805 et
1108 765 1162 824 per
1184 744 1297 824 dyabo-

146 869 154 906 r
178 847 372 908 introducta.

618 1090 704 1150 Ona.
729 1091 783 1150 III.

186 1261 294 1321 Restat
316 1281 480 1339 parumper
501 1260 614 1332 videre,
639 1259 790 1340 quomodo
816 1260 873 1320 hcc
896 1281 944 1321 ars
967 1261 1190 1337 nigromantica
1211 1264 1298 1323 sedu-

146 1363 316 1442 [plurimos
339 1363 369 1423 in
392 1363 521 1424 ecclesia
543 1365 702 1425 militante.

189 1466 244 1528 Est
264 1477 369 1527 autem
391 1467 514 1527 infamis
536 1466 703 1539 binarius?
725 1467 754 1526 in
779 1487 838 1547 quo
865 1465 952 1527 multi
977 1467 1145 1547 philocapti
1169 1489 1188 1529 a
1214 1478 1299 1531 secta

163 1569 222 1647 lege
244 1570 359 1631 domini
381 1579 453 1630 sunt
473 1569 600 1630 seducti.
629 1608 670 1616 -
692 1569 837 1647 Arguunt
859 1570 939 1630 enim
967 1570 1091 1650 quidam
1119 1571 1223 1650 ydiota
1245 1593 1299 1651 per

146 1682 193 1733 tam
214 1685 324 1744 artem,
357 1672 438 1753 quod
465 1672 586 1733 dotacio
612 1673 644 1733 in
667 1673 796 1733 ecclesia
818 1672 877 1732 fuit
900 1682 1004 1734 sancte
1028 1683 1058 1734 et
1080 1674 1232 1736 meritorie
1255 1676 1298 1735 in-

146 1775 251 1848 oduota,
275 1776 347 1856 quia
368 1795 450 1855 papa
473 1774 627 1847 Silvester‚
652 1775 739 1836 multi
762 1775 858 1836 sancti
882 1776 1015 1854 episcopi
1039 1786 1070 1837 et
1091 1776 1218 1839 abbates
1240 1779 1299 1839 ista

146 1879 262 1940 otaciono
285 1880 330 1939 usi
346 1879 468 1940 fuerant
483 1888 514 1940 ot
529 1878 728 1958 approbativa
743 1879 840 1957 ipsam
857 1887 1102 1957 acceptaverunt,
1122 1902 1194 1957 ergo
1209 1880 1297 1942 bane.

192 1981 249 2042 Sed
280 1983 320 2043 ad
353 1981 572 2043 declarandum
603 1981 759 2042 fallaciam
795 1982 885 2041 huius
922 1982 1046 2059 argucio
1078 1983 1298 2060 nigromantiae

146 2094 222 2159 [anet
243 2107 352 2165 capere
375 2095 530 2165 tamquam
554 2084 653 2157 fidem,
687 2084 767 2164 quod
795 2106 855 2145 non
879 2084 1015 2163 sequitur
1037 2085 1075 2145 de
1097 2084 1199 2166 aliquo
1228 2107 1298 2165 apo·

146 2184 196 2246 nlo:
217 2188 280 2267 ipse
302 2190 345 2249 sic
368 2196 399 2248 et
420 2189 463 2249 sic
485 2187 609 2259 fecerat,
634 2208 705 2266 ergo
728 2187 815 2260 bene,
840 2187 897 2247 nisi
921 2187 1044 2247 additur
1065 2188 1188 2261 minori,
1217 2191 1298 2269 quod

146 2291 208 2351 rsic
237 2292 378 2352 faciendo
407 2301 527 2352 secutus
558 2290 651 2351 fuerit
681 2290 838 2350 dominum
866 2290 968 2350 lesum
991 2288 1135 2350 (lristum.
1181 2291 1298 2352 Cristus

146 2391 187 2452 nin
207 2404 250 2455 est
271 2396 454 2473 principium
478 2403 508 2454 et
523 2394 647 2454 coraula
662 2394 868 2472 cuiuscunque
884 2392 982 2471 operis
1005 2394 1148 2453 meritorii
1172 2395 1299 2455 mambri

146 2493 170 2563 ti,
187 2518 250 2558 cum
272 2498 363 2558 modo
386 2496 519 2557 mirabili
541 2497 625 2557 ducit
647 2506 749 2576 patres
771 2496 847 2575 legis
870 2496 981 2558 veteris
1004 2517 1057 2574 per
1079 2497 1161 2557 viam
1184 2497 1298 2557 domini

146 2595 295 2677 dpatriam
317 2601 502 2662 incedentes.

193 2702 318 2782 Oportet
340 2724 413 2782 ergo
435 2703 564 2764 fundare
587 2705 617 2764 in
639 2704 713 2774 fide,
741 2702 823 2782 quod
844 2702 901 2762 iste
924 2723 1012 2781 pape,
1037 2703 1170 2782 episcopi
1194 2712 1225 2764 et
1246 2703 1298 2765 ab·

146 2813 195 2864 ates
220 2807 249 2866 in
281 2807 481 2886 approbando
512 2807 704 2867 dotacionem
736 2805 829 2866 talem
860 2805 955 2866 secuti
989 2805 1111 2865 lucrant
1141 2806 1298 2867 dominum

147 2922 207 2967 uum
227 2910 374 2983 Cristum3
399 2919 429 2971 et
451 2919 523 2971 tunc
545 2908 623 2970 bene
645 2908 794 2989 sequitur,
824 2908 904 2988 quod
928 2907 1005 2969 bene
1028 2917 1059 2969 ct
1081 2909 1233 2970 meritorie
1256 2911 1298 2970 sic

146 3023 249 3072 aarum.

197 3112 250 3175 Sed
273 3138 342 3176 cum
365 3117 395 3176 in
413 3114 512 3176 cristo
534 3137 594 3175 non
617 3114 741 3174 fuerant
755 3122 801 3174 est
816 3123 846 3175 et
867 3135 938 3187 non,
963 3123 996 3174 ut
1018 3123 1104 3192 patet
1120 3115 1153 3174 ΙΙ
1168 3114 1237 3176 Cor.
1257 3112 1299 3185 1‚‘’

146 3204 223 3277 Castus
244 3232 344 3280 autem
373 3219 540 3279 secundum
572 3218 670 3295 legem
693 3238 779 3277 suam
807 3216 961 3296 duplicem
993 3216 1147 3296 prohibuit
1173 3218 1299 3279 clericos

146 3321 368 3394 autesiodorum
393 3332 424 3383 et
445 3323 475 3382 in
498 3342 628 3401 persona
655 3321 777 3399 propria
805 3342 840 3380 ac
863 3319 1097 3398 suiseapostolis
1119 3320 1177 3380 hoc
1200 3342 1298 3381 sorva·

146 3411 177 3484 tit,
195 3425 375 3485 nanifestam
400 3435 453 3497 cst,
478 3424 558 3506 quod
581 3444 651 3502 pars
673 3423 731 3482 sibi
747 3423 898 3483 contraria
918 3443 972 3500 per
987 3424 1176 3483 anticristum
1199 3424 1300 3484 fuerat

146 3523 285 3588 utrorum.
331 3528 418 3588 Sicut
440 3549 511 3606 crgo
534 3549 594 3586 non
622 3526 770 3606 sequitur:
794 3526 916 3597 Petrus,
940 3526 1068 3596 Paulus,
1093 3525 1145 3585 filii
1168 3525 1298 3586 Zebedei

148 3618 295 3690 tScanoth
318 3632 362 3691 sic
385 3632 531 3701 feceruut,
555 3651 626 3707 ergo
649 3629 829 3708 relinquitur
851 3629 1001 3690 cristianis
1030 3629 1069 3689 ad
1094 3629 1298 3689 imitacionem

146 3740 216 3786 'sum
242 3734 339 3794 taliter
371 3734 560 3805 faciendum,
593 3735 636 3793 ita
668 3753 727 3792 nou
759 3732 907 3811 sequitur:
940 3733 988 3792 isti
1012 3732 1112 3791 vocati
1134 3731 1232 3790 sancti
1255 3731 1298 3792 sic

146 3842 252 3903 munt,
274 3858 344 3915 ergo
368 3836 460 3909 bene,
490 3837 546 3897 nisi
570 3837 673 3908 docto,
706 3835 787 3914 quod
809 3836 840 3895 in
864 3836 920 3895 hoc
943 3835 1039 3895 secuti
1062 3835 1184 3894 fuerant
1205 3834 1299 3893 domi·

146 3948 181 3986 m
204 3930 299 3999 Iesum
322 3939 466 4000 Oristum.

318 4165 394 4213 OAP.
411 4163 467 4212 111.
496 4167 508 4189 ‘¹
528 4161 587 4210 Pla
604 4161 719 4210 binarius
738 4161 839 4223 ubeiap
851 4160 947 4208 treated
959 4161 992 4223 of
999 4159 1028 4223 ty
1040 4160 1079 4206 rte
1093 4158 1190 4205 Aatdor
1208 4158 1233 4205 in
1251 4158 1299 4205 llis

274 4254 324 4300 aad
341 4254 381 4299 aa
398 4250 525 4313 sollerciap
543 4251 645 4311 chapter
713 4243 762 4296 lo.
776 4251 805 4297 19
886 4259 889 4263 ’
